<?xml version="1.0" encoding="UTF-8"?>
<!DOCTYPE html PUBLIC "-//W3C//DTD XHTML 1.0 Transitional//EN"
    "http://www.w3.org/TR/xhtml1/DTD/xhtml1-transitional.dtd">
<html xmlns="http://www.w3.org/1999/xhtml" xml:lang="en" lang="en">
 <head>
  <title>
</title>
<meta http-equiv="Content-Type" content="text/html;charset=utf-8" />
  <meta name='ocr-system' content='tesseract 3.04.00' />
  <meta name='ocr-capabilities' content='ocr_page ocr_carea ocr_par ocr_line ocrx_word'/>
</head>
<body>
  <div class='ocr_page' id='page_1' title='image "./archivfrkatholi18jurigoog_0187.png"; bbox 0 0 3078 4934; ppageno 0'>
   <div class='ocr_carea' id='block_1_1' title="bbox 209 118 1350 218">
    <p class='ocr_par' dir='ltr' id='par_1_1' title="bbox 209 118 1350 218">
     <span class='ocr_line' id='line_1_1' title="bbox 209 118 1350 218; baseline 0.005 -19"><span class='ocrx_word' id='word_1_1' title='bbox 209 136 269 200; x_wconf 81' lang='lat'>182</span> <span class='ocrx_word' id='word_1_2' title='bbox 308 149 361 207; x_wconf 77' lang='lat' dir='ltr'>Pae</span> <span class='ocrx_word' id='word_1_3' title='bbox 379 151 439 206; x_wconf 77' lang='lat' dir='ltr'>rue</span> <span class='ocrx_word' id='word_1_4' title='bbox 460 150 513 207; x_wconf 85' lang='lat' dir='ltr'>rx.</span> <span class='ocrx_word' id='word_1_5' title='bbox 535 153 631 206; x_wconf 81' lang='lat' dir='ltr'>const.</span> <span class='ocrx_word' id='word_1_6' title='bbox 656 147 688 204; x_wconf 86' lang='lat' dir='ltr'>v.</span> <span class='ocrx_word' id='word_1_7' title='bbox 707 148 842 205; x_wconf 71' lang='lat' dir='ltr'>Karena.</span> <span class='ocrx_word' id='word_1_8' title='bbox 862 147 975 218; x_wconf 74' lang='lat' dir='ltr'>sempe</span> <span class='ocrx_word' id='word_1_9' title='bbox 997 129 1074 203; x_wconf 82' lang='lat' dir='ltr'>rere</span> <span class='ocrx_word' id='word_1_10' title='bbox 1091 162 1158 218; x_wconf 67' lang='lat' dir='ltr'>sup.</span> <span class='ocrx_word' id='word_1_11' title='bbox 1174 149 1234 204; x_wconf 77' lang='lat' dir='ltr'>aaa</span> <span class='ocrx_word' id='word_1_12' title='bbox 1252 118 1350 216; x_wconf 67' lang='lat' dir='ltr'>ceper</span> 
     </span>
    </p>
   </div>
   <div class='ocr_carea' id='block_1_2' title="bbox 205 320 1459 1978">
    <p class='ocr_par' dir='ltr' id='par_1_2' title="bbox 205 320 1456 717">
     <span class='ocr_line' id='line_1_2' title="bbox 205 320 1456 407; baseline -0.005 -16"><span class='ocrx_word' id='word_1_13' title='bbox 205 325 238 391; x_wconf 90' lang='lat' dir='ltr'>in</span> <span class='ocrx_word' id='word_1_14' title='bbox 261 323 475 391; x_wconf 87' lang='lat' dir='ltr'>constituendo</span> <span class='ocrx_word' id='word_1_15' title='bbox 494 323 619 390; x_wconf 83' lang='lat' dir='ltr'>Vicaric</span> <span class='ocrx_word' id='word_1_16' title='bbox 643 321 780 406; x_wconf 85' lang='lat' dir='ltr'>aliquam</span> <span class='ocrx_word' id='word_1_17' title='bbox 799 320 1028 407; x_wconf 88' lang='lat' dir='ltr'>jurisdictionis</span> <span class='ocrx_word' id='word_1_18' title='bbox 1050 321 1170 406; x_wconf 89' lang='lat' dir='ltr'>partem</span> <span class='ocrx_word' id='word_1_19' title='bbox 1194 320 1253 387; x_wconf 88' lang='lat' dir='ltr'>sibi</span> <span class='ocrx_word' id='word_1_20' title='bbox 1276 337 1456 398; x_wconf 85' lang='lat' dir='ltr'>reserusre;</span> 
     </span>
     <span class='ocr_line' id='line_1_3' title="bbox 207 424 1456 513; baseline -0.004 -19"><span class='ocrx_word' id='word_1_21' title='bbox 207 429 262 495; x_wconf 88' lang='lat' dir='ltr'>alii</span> <span class='ocrx_word' id='word_1_22' title='bbox 285 429 473 513; x_wconf 84' lang='lat' dir='ltr'>putauerunt</span> <span class='ocrx_word' id='word_1_23' title='bbox 494 428 543 494; x_wconf 87' lang='lat' dir='ltr'>fas</span> <span class='ocrx_word' id='word_1_24' title='bbox 566 447 633 494; x_wconf 91' lang='lat' dir='ltr'>esse</span> <span class='ocrx_word' id='word_1_25' title='bbox 649 426 794 511; x_wconf 79' lang='lat' dir='ltr'>Capitale</span> <span class='ocrx_word' id='word_1_26' title='bbox 817 427 857 494; x_wconf 89' lang='lat' dir='ltr'>ed</span> <span class='ocrx_word' id='word_1_27' title='bbox 881 428 1000 492; x_wconf 90' lang='lat' dir='ltr'>certum</span> <span class='ocrx_word' id='word_1_28' title='bbox 1023 426 1146 509; x_wconf 90' lang='lat' dir='ltr'>tempus</span> <span class='ocrx_word' id='word_1_29' title='bbox 1168 425 1332 491; x_wconf 78' lang='lat' dir='ltr'>vicarium</span> <span class='ocrx_word' id='word_1_30' title='bbox 1355 424 1456 508; x_wconf 82' lang='lat' dir='ltr'>depu-</span> 
     </span>
     <span class='ocr_line' id='line_1_4' title="bbox 207 529 1456 617; baseline -0.003 -17"><span class='ocrx_word' id='word_1_31' title='bbox 207 537 297 612; x_wconf 71' lang='lat' dir='ltr'>tarep</span> <span class='ocrx_word' id='word_1_32' title='bbox 313 553 369 598; x_wconf 92' lang='lat' dir='ltr'>nec</span> <span class='ocrx_word' id='word_1_33' title='bbox 390 533 557 599; x_wconf 86' lang='lat' dir='ltr'>defucmnt</span> <span class='ocrx_word' id='word_1_34' title='bbox 579 532 632 617; x_wconf 89' lang='lat' dir='ltr'>qui</span> <span class='ocrx_word' id='word_1_35' title='bbox 655 531 800 598; x_wconf 89' lang='lat' dir='ltr'>arbitrati</span> <span class='ocrx_word' id='word_1_36' title='bbox 823 531 907 614; x_wconf 88' lang='lat' dir='ltr'>sunt,</span> <span class='ocrx_word' id='word_1_37' title='bbox 929 530 1025 598; x_wconf 90' lang='lat' dir='ltr'>licere</span> <span class='ocrx_word' id='word_1_38' title='bbox 1048 529 1193 614; x_wconf 77' lang='lat' dir='ltr'>Capitulo</span> <span class='ocrx_word' id='word_1_39' title='bbox 1213 530 1379 596; x_wconf 88' lang='lat' dir='ltr'>Vicerium</span> <span class='ocrx_word' id='word_1_40' title='bbox 1402 550 1456 614; x_wconf 90' lang='lat' dir='ltr'>pro</span> 
     </span>
     <span class='ocr_line' id='line_1_5' title="bbox 207 636 931 717; baseline -0.003 -13"><span class='ocrx_word' id='word_1_41' title='bbox 207 638 338 704; x_wconf 84' lang='lat' dir='ltr'>arbitria</span> <span class='ocrx_word' id='word_1_42' title='bbox 360 656 530 717; x_wconf 83' lang='lat' dir='ltr'>remouere,</span> <span class='ocrx_word' id='word_1_43' title='bbox 555 638 587 702; x_wconf 90' lang='lat' dir='ltr'>et</span> <span class='ocrx_word' id='word_1_44' title='bbox 608 637 705 705; x_wconf 89' lang='lat' dir='ltr'>aliurn</span> <span class='ocrx_word' id='word_1_45' title='bbox 729 636 931 702; x_wconf 74' lang='lat' dir='ltr'><strong>substituere.</strong></span> 
     </span>
    </p>

    <p class='ocr_par' dir='ltr' id='par_1_3' title="bbox 208 738 1459 1978">
     <span class='ocr_line' id='line_1_6' title="bbox 311 738 1457 826; baseline -0.003 -17"><span class='ocrx_word' id='word_1_46' title='bbox 311 741 493 810; x_wconf 74' lang='lat' dir='ltr'>Recensbm</span> <span class='ocrx_word' id='word_1_47' title='bbox 516 740 707 826; x_wconf 79' lang='lat' dir='ltr'><strong>Scriptorum</strong></span> <span class='ocrx_word' id='word_1_48' title='bbox 731 742 904 808; x_wconf 89' lang='lat' dir='ltr'>sententiae</span> <span class='ocrx_word' id='word_1_49' title='bbox 926 759 945 807; x_wconf 89' lang='lat' dir='ltr'>a</span> <span class='ocrx_word' id='word_1_50' title='bbox 967 739 1124 808; x_wconf 81' lang='lat' dir='ltr'>nonnullis</span> <span class='ocrx_word' id='word_1_51' title='bbox 1146 738 1298 824; x_wconf 78' lang='lat' dir='ltr'>Capitulis</span> <span class='ocrx_word' id='word_1_52' title='bbox 1321 739 1457 808; x_wconf 84' lang='lat' dir='ltr'>libenter</span> 
     </span>
     <span class='ocr_line' id='line_1_7' title="bbox 208 843 1458 932; baseline -0.003 -18"><span class='ocrx_word' id='word_1_53' title='bbox 208 849 351 932; x_wconf 82' lang='lat' dir='ltr'>exceptae</span> <span class='ocrx_word' id='word_1_54' title='bbox 373 848 463 913; x_wconf 87' lang='lat' dir='ltr'>sunt:</span> <span class='ocrx_word' id='word_1_55' title='bbox 494 864 554 930; x_wconf 90' lang='lat' dir='ltr'>quc</span> <span class='ocrx_word' id='word_1_56' title='bbox 583 843 787 924; x_wconf 79' lang='lat' dir='ltr'>factumest,</span> <span class='ocrx_word' id='word_1_57' title='bbox 821 845 858 911; x_wconf 90' lang='lat' dir='ltr'>ut</span> <span class='ocrx_word' id='word_1_58' title='bbox 881 845 914 912; x_wconf 91' lang='lat' dir='ltr'>in</span> <span class='ocrx_word' id='word_1_59' title='bbox 942 843 1001 910; x_wconf 87' lang='lat' dir='ltr'>bac</span> <span class='ocrx_word' id='word_1_60' title='bbox 1022 863 1056 910; x_wconf 93' lang='lat' dir='ltr'>re</span> <span class='ocrx_word' id='word_1_61' title='bbox 1077 843 1144 910; x_wconf 89' lang='lat' dir='ltr'>tarn</span> <span class='ocrx_word' id='word_1_62' title='bbox 1172 843 1277 929; x_wconf 84' lang='lat' dir='ltr'>magni</span> <span class='ocrx_word' id='word_1_63' title='bbox 1303 845 1458 911; x_wconf 83' lang='lat' dir='ltr'>momenti</span> 
     </span>
     <span class='ocr_line' id='line_1_8' title="bbox 209 947 1457 1038; baseline -0.005 -18"><span class='ocrx_word' id='word_1_64' title='bbox 209 953 388 1038; x_wconf 89' lang='lat' dir='ltr'>discipliuae</span> <span class='ocrx_word' id='word_1_65' title='bbox 409 949 607 1017; x_wconf 77' lang='lat' dir='ltr'>uniformitas</span> <span class='ocrx_word' id='word_1_66' title='bbox 630 949 792 1028; x_wconf 85' lang='lat' dir='ltr'>deficeret,</span> <span class='ocrx_word' id='word_1_67' title='bbox 824 951 856 1017; x_wconf 93' lang='lat' dir='ltr'>et</span> <span class='ocrx_word' id='word_1_68' title='bbox 878 947 1094 1016; x_wconf 73' lang='lat' dir='ltr'>undecimum</span> <span class='ocrx_word' id='word_1_69' title='bbox 1121 948 1280 1016; x_wconf 87' lang='lat' dir='ltr'>decretum</span> <span class='ocrx_word' id='word_1_70' title='bbox 1310 950 1457 1033; x_wconf 84' lang='lat' dir='ltr'>optatum</span> 
     </span>
     <span class='ocr_line' id='line_1_9' title="bbox 209 1051 1458 1141; baseline -0.003 -17"><span class='ocrx_word' id='word_1_71' title='bbox 209 1059 301 1124; x_wconf 88' lang='lat' dir='ltr'>finem</span> <span class='ocrx_word' id='word_1_72' title='bbox 332 1057 420 1141; x_wconf 90' lang='lat' dir='ltr'>plene</span> <span class='ocrx_word' id='word_1_73' title='bbox 443 1074 503 1121; x_wconf 89' lang='lat' dir='ltr'>non</span> <span class='ocrx_word' id='word_1_74' title='bbox 535 1054 716 1140; x_wconf 84' lang='lat' dir='ltr'>attingeret.</span> <span class='ocrx_word' id='word_1_75' title='bbox 761 1054 909 1137; x_wconf 81' lang='lat' dir='ltr'>Quamvis</span> <span class='ocrx_word' id='word_1_76' title='bbox 937 1055 1041 1120; x_wconf 90' lang='lat' dir='ltr'>autern</span> <span class='ocrx_word' id='word_1_77' title='bbox 1070 1051 1123 1121; x_wconf 83' lang='lat' dir='ltr'>SS.</span> <span class='ocrx_word' id='word_1_78' title='bbox 1151 1053 1246 1120; x_wconf 88' lang='lat' dir='ltr'>Urbis</span> <span class='ocrx_word' id='word_1_79' title='bbox 1275 1053 1458 1140; x_wconf 77' lang='lat' dir='ltr'>congrega·</span> 
     </span>
     <span class='ocr_line' id='line_1_10' title="bbox 208 1157 1459 1243; baseline -0.001 -16"><span class='ocrx_word' id='word_1_80' title='bbox 208 1161 309 1227; x_wconf 89' lang='lat' dir='ltr'>tiones</span> <span class='ocrx_word' id='word_1_81' title='bbox 331 1160 389 1225; x_wconf 92' lang='lat' dir='ltr'>has</span> <span class='ocrx_word' id='word_1_82' title='bbox 412 1158 594 1238; x_wconf 88' lang='lat' dir='ltr'>sententias,</span> <span class='ocrx_word' id='word_1_83' title='bbox 617 1159 681 1224; x_wconf 89' lang='lat' dir='ltr'>suis</span> <span class='ocrx_word' id='word_1_84' title='bbox 703 1160 857 1243; x_wconf 81' lang='lat' dir='ltr'>responsis</span> <span class='ocrx_word' id='word_1_85' title='bbox 873 1157 904 1224; x_wconf 94' lang='lat' dir='ltr'>in</span> <span class='ocrx_word' id='word_1_86' title='bbox 930 1157 1051 1224; x_wconf 91' lang='lat' dir='ltr'>casibus</span> <span class='ocrx_word' id='word_1_87' title='bbox 1073 1158 1314 1242; x_wconf 82' lang='lat' dir='ltr'>cacumentibus,</span> <span class='ocrx_word' id='word_1_88' title='bbox 1338 1159 1459 1243; x_wconf 87' lang='lat' dir='ltr'>pluries</span> 
     </span>
     <span class='ocr_line' id='line_1_11' title="bbox 209 1261 1459 1349; baseline 0 -19"><span class='ocrx_word' id='word_1_89' title='bbox 209 1264 457 1349; x_wconf 79' lang='lat' dir='ltr'>reprobaverint,</span> <span class='ocrx_word' id='word_1_90' title='bbox 492 1265 539 1330; x_wconf 89' lang='lat' dir='ltr'>ita</span> <span class='ocrx_word' id='word_1_91' title='bbox 560 1265 596 1330; x_wconf 90' lang='lat' dir='ltr'>ut</span> <span class='ocrx_word' id='word_1_92' title='bbox 617 1282 654 1329; x_wconf 87' lang='lat' dir='ltr'>ex</span> <span class='ocrx_word' id='word_1_93' title='bbox 676 1282 783 1329; x_wconf 85' lang='lat' dir='ltr'>aarum</span> <span class='ocrx_word' id='word_1_94' title='bbox 811 1262 966 1348; x_wconf 87' lang='lat' dir='ltr'>responsis</span> <span class='ocrx_word' id='word_1_95' title='bbox 997 1261 1161 1328; x_wconf 82' lang='lat' dir='ltr'>manifeste</span> <span class='ocrx_word' id='word_1_96' title='bbox 1184 1265 1347 1348; x_wconf 76' lang='lat' dir='ltr'>appareat,</span> <span class='ocrx_word' id='word_1_97' title='bbox 1379 1284 1459 1349; x_wconf 85' lang='lat' dir='ltr'>quae</span> 
     </span>
     <span class='ocr_line' id='line_1_12' title="bbox 210 1367 1459 1452; baseline 0 -18"><span class='ocrx_word' id='word_1_98' title='bbox 210 1370 306 1434; x_wconf 87' lang='lat' dir='ltr'>fuerit</span> <span class='ocrx_word' id='word_1_99' title='bbox 328 1387 416 1436; x_wconf 90' lang='lat' dir='ltr'>meus</span> <span class='ocrx_word' id='word_1_100' title='bbox 430 1369 562 1436; x_wconf 86' lang='lat' dir='ltr'>Petrum</span> <span class='ocrx_word' id='word_1_101' title='bbox 578 1367 829 1434; x_wconf 70' lang='lat' dir='ltr'>&#39;tridentinorum</span> <span class='ocrx_word' id='word_1_102' title='bbox 846 1367 879 1433; x_wconf 93' lang='lat' dir='ltr'>in</span> <span class='ocrx_word' id='word_1_103' title='bbox 894 1367 1011 1434; x_wconf 84' lang='lat' dir='ltr'>edendo</span> <span class='ocrx_word' id='word_1_104' title='bbox 1034 1367 1157 1434; x_wconf 86' lang='lat' dir='ltr'>decreto</span> <span class='ocrx_word' id='word_1_105' title='bbox 1179 1367 1320 1452; x_wconf 89' lang='lat' dir='ltr'>superius</span> <span class='ocrx_word' id='word_1_106' title='bbox 1343 1368 1459 1447; x_wconf 69' lang='lat' dir='ltr'>relata</span> 
     </span>
     <span class='ocr_line' id='line_1_13' title="bbox 211 1472 1459 1560; baseline 0 -20"><span class='ocrx_word' id='word_1_107' title='bbox 211 1477 351 1540; x_wconf 87' lang='lat' dir='ltr'>attamen</span> <span class='ocrx_word' id='word_1_108' title='bbox 375 1493 445 1540; x_wconf 88' lang='lat' dir='ltr'>eum</span> <span class='ocrx_word' id='word_1_109' title='bbox 469 1472 606 1540; x_wconf 87' lang='lat' dir='ltr'>nondum</span> <span class='ocrx_word' id='word_1_110' title='bbox 626 1473 730 1539; x_wconf 89' lang='lat' dir='ltr'>omnia</span> <span class='ocrx_word' id='word_1_111' title='bbox 746 1473 860 1557; x_wconf 90' lang='lat' dir='ltr'>ubique</span> <span class='ocrx_word' id='word_1_112' title='bbox 875 1473 915 1538; x_wconf 82' lang='lat' dir='ltr'>acl</span> <span class='ocrx_word' id='word_1_113' title='bbox 931 1491 1000 1538; x_wconf 90' lang='lat' dir='ltr'>eam</span> <span class='ocrx_word' id='word_1_114' title='bbox 1021 1473 1157 1538; x_wconf 88' lang='lat' dir='ltr'>mentem</span> <span class='ocrx_word' id='word_1_115' title='bbox 1181 1473 1263 1558; x_wconf 84' lang='lat' dir='ltr'>erigi</span> <span class='ocrx_word' id='word_1_116' title='bbox 1284 1473 1459 1560; x_wconf 81' lang='lat' dir='ltr'>rideamus,</span> 
     </span>
     <span class='ocr_line' id='line_1_14' title="bbox 210 1577 1459 1664; baseline 0 -20"><span class='ocrx_word' id='word_1_117' title='bbox 210 1579 249 1644; x_wconf 86' lang='lat' dir='ltr'>ad</span> <span class='ocrx_word' id='word_1_118' title='bbox 273 1579 514 1644; x_wconf 83' lang='lat' dir='ltr'>submovendam</span> <span class='ocrx_word' id='word_1_119' title='bbox 536 1595 660 1660; x_wconf 89' lang='lat' dir='ltr'>prorsus</span> <span class='ocrx_word' id='word_1_120' title='bbox 686 1577 860 1664; x_wconf 85' lang='lat' dir='ltr'>quamlibet</span> <span class='ocrx_word' id='word_1_121' title='bbox 882 1577 1088 1657; x_wconf 84' lang='lat' dir='ltr'>dubitationis</span> <span class='ocrx_word' id='word_1_122' title='bbox 1116 1595 1242 1644; x_wconf 89' lang='lat' dir='ltr'>causam</span> <span class='ocrx_word' id='word_1_123' title='bbox 1270 1579 1321 1644; x_wconf 82' lang='lat' dir='ltr'>rel</span> <span class='ocrx_word' id='word_1_124' title='bbox 1349 1581 1459 1646; x_wconf 93' lang='lat' dir='ltr'>obten-</span> 
     </span>
     <span class='ocr_line' id='line_1_15' title="bbox 211 1679 1457 1768; baseline 0 -18"><span class='ocrx_word' id='word_1_125' title='bbox 211 1687 289 1763; x_wconf 90' lang='lat' dir='ltr'>tum,</span> <span class='ocrx_word' id='word_1_126' title='bbox 313 1683 423 1749; x_wconf 89' lang='lat' dir='ltr'>iisdem</span> <span class='ocrx_word' id='word_1_127' title='bbox 446 1679 601 1768; x_wconf 87' lang='lat' dir='ltr'>responsis</span> <span class='ocrx_word' id='word_1_128' title='bbox 624 1683 656 1748; x_wconf 92' lang='lat' dir='ltr'>et</span> <span class='ocrx_word' id='word_1_129' title='bbox 683 1681 944 1748; x_wconf 84' lang='lat' dir='ltr'>declarationibus</span> <span class='ocrx_word' id='word_1_130' title='bbox 965 1682 1163 1766; x_wconf 85' lang='lat' dir='ltr'>Apostolicae</span> <span class='ocrx_word' id='word_1_131' title='bbox 1185 1684 1388 1750; x_wconf 79' lang='lat' dir='ltr'>auctoritatis</span> <span class='ocrx_word' id='word_1_132' title='bbox 1410 1705 1457 1750; x_wconf 81' lang='lat' dir='ltr'>ra</span> 
     </span>
     <span class='ocr_line' id='line_1_16' title="bbox 211 1787 1457 1873; baseline -0.001 -18"><span class='ocrx_word' id='word_1_133' title='bbox 211 1793 269 1855; x_wconf 91' lang='lat' dir='ltr'>bur</span> <span class='ocrx_word' id='word_1_134' title='bbox 292 1788 500 1873; x_wconf 87' lang='lat' dir='ltr'>adjiciendum</span> <span class='ocrx_word' id='word_1_135' title='bbox 523 1805 692 1855; x_wconf 85' lang='lat' dir='ltr'>censemus.</span> <span class='ocrx_word' id='word_1_136' title='bbox 727 1787 878 1870; x_wconf 85' lang='lat' dir='ltr'>Quocirca</span> <span class='ocrx_word' id='word_1_137' title='bbox 892 1787 982 1853; x_wconf 84' lang='lat' dir='ltr'>Motu</span> <span class='ocrx_word' id='word_1_138' title='bbox 1005 1787 1137 1871; x_wconf 87' lang='lat' dir='ltr'>proprio,</span> <span class='ocrx_word' id='word_1_139' title='bbox 1162 1807 1199 1855; x_wconf 90' lang='lat' dir='ltr'>ao</span> <span class='ocrx_word' id='word_1_140' title='bbox 1213 1789 1299 1855; x_wconf 86' lang='lat' dir='ltr'>certa</span> <span class='ocrx_word' id='word_1_141' title='bbox 1313 1789 1457 1868; x_wconf 86' lang='lat' dir='ltr'>scientie,</span> 
     </span>
     <span class='ocr_line' id='line_1_17' title="bbox 212 1890 1457 1978; baseline -0.002 -18"><span class='ocrx_word' id='word_1_142' title='bbox 212 1897 244 1960; x_wconf 90' lang='lat' dir='ltr'>et</span> <span class='ocrx_word' id='word_1_143' title='bbox 267 1896 390 1961; x_wconf 82' lang='lat' dir='ltr'>matura</span> <span class='ocrx_word' id='word_1_144' title='bbox 419 1891 642 1959; x_wconf 86' lang='lat' dir='ltr'>deliberatione</span> <span class='ocrx_word' id='word_1_145' title='bbox 670 1891 793 1958; x_wconf 86' lang='lat' dir='ltr'>Nostris</span> <span class='ocrx_word' id='word_1_146' title='bbox 822 1891 921 1977; x_wconf 88' lang='lat' dir='ltr'>deque</span> <span class='ocrx_word' id='word_1_147' title='bbox 941 1890 1141 1975; x_wconf 83' lang='lat' dir='ltr'>Apostolicae</span> <span class='ocrx_word' id='word_1_148' title='bbox 1164 1893 1335 1958; x_wconf 88' lang='lat' dir='ltr'>Potestatis</span> <span class='ocrx_word' id='word_1_149' title='bbox 1358 1894 1457 1978; x_wconf 90' lang='lat' dir='ltr'>pleni·</span> 
     </span>
    </p>
   </div>
   <div class='ocr_carea' id='block_1_3' title="bbox 95 1995 1457 2092">
    <p class='ocr_par' dir='ltr' id='par_1_4' title="bbox 95 1995 1457 2092">
     <span class='ocr_line' id='line_1_18' title="bbox 95 1995 1457 2092; baseline 0.002 -30"><span class='ocrx_word' id='word_1_150' title='bbox 95 2089 96 2092; x_wconf 8' lang='grc' dir='ltr'><strong>Ἴ</strong></span> <span class='ocrx_word' id='word_1_151' title='bbox 213 1998 322 2064; x_wconf 90' lang='lat' dir='ltr'>tudine</span> <span class='ocrx_word' id='word_1_152' title='bbox 352 1997 545 2063; x_wconf 86' lang='lat' dir='ltr'>declaramus</span> <span class='ocrx_word' id='word_1_153' title='bbox 573 1998 606 2062; x_wconf 91' lang='lat' dir='ltr'>et</span> <span class='ocrx_word' id='word_1_154' title='bbox 636 1995 847 2062; x_wconf 87' lang='lat' dir='ltr'>deceruimus:</span> <span class='ocrx_word' id='word_1_155' title='bbox 878 2002 973 2063; x_wconf 86' lang='lat' dir='ltr'>latam</span> <span class='ocrx_word' id='word_1_156' title='bbox 999 1997 1200 2063; x_wconf 80' lang='lat' dir='ltr'>ordinariam</span> <span class='ocrx_word' id='word_1_157' title='bbox 1223 1997 1381 2082; x_wconf 66' lang='lat' dir='ltr'>Fpisami</span> <span class='ocrx_word' id='word_1_158' title='bbox 1404 2001 1457 2082; x_wconf 87' lang='lat' dir='ltr'>ju·</span> 
     </span>
    </p>
   </div>
   <div class='ocr_carea' id='block_1_4' title="bbox 194 2098 1460 4278">
    <p class='ocr_par' dir='ltr' id='par_1_5' title="bbox 209 2098 1458 3127">
     <span class='ocr_line' id='line_1_19' title="bbox 213 2098 1455 2186; baseline 0.001 -17"><span class='ocrx_word' id='word_1_159' title='bbox 213 2104 444 2182; x_wconf 79' lang='lat' dir='ltr'>riedictimem,</span> <span class='ocrx_word' id='word_1_160' title='bbox 471 2123 551 2186; x_wconf 78' lang='lat' dir='ltr'>qnae</span> <span class='ocrx_word' id='word_1_161' title='bbox 575 2121 676 2168; x_wconf 86' lang='lat' dir='ltr'>vacua</span> <span class='ocrx_word' id='word_1_162' title='bbox 708 2101 787 2168; x_wconf 76' lang='lat' dir='ltr'>Sede</span> <span class='ocrx_word' id='word_1_163' title='bbox 815 2099 1005 2184; x_wconf 68' lang='lat' dir='ltr'>Episcmdi</span> <span class='ocrx_word' id='word_1_164' title='bbox 1032 2099 1077 2168; x_wconf 85' lang='lat' dir='ltr'>ael</span> <span class='ocrx_word' id='word_1_165' title='bbox 1105 2098 1288 2184; x_wconf 73' lang='lat' dir='ltr'>Capitulum</span> <span class='ocrx_word' id='word_1_166' title='bbox 1319 2111 1455 2184; x_wconf 76' lang='lat' dir='ltr'>nacerat,</span> 
     </span>
     <span class='ocr_line' id='line_1_20' title="bbox 216 2205 1457 2289; baseline -0.001 -15"><span class='ocrx_word' id='word_1_167' title='bbox 216 2211 259 2274; x_wconf 82' lang='lat' dir='ltr'>ad</span> <span class='ocrx_word' id='word_1_168' title='bbox 287 2209 451 2275; x_wconf 84' lang='lat' dir='ltr'>Viaartum</span> <span class='ocrx_word' id='word_1_169' title='bbox 473 2205 512 2273; x_wconf 87' lang='lat' dir='ltr'>ab</span> <span class='ocrx_word' id='word_1_170' title='bbox 540 2208 611 2289; x_wconf 83' lang='lat' dir='ltr'>ipso</span> <span class='ocrx_word' id='word_1_171' title='bbox 638 2206 699 2271; x_wconf 86' lang='lat' dir='ltr'>rite</span> <span class='ocrx_word' id='word_1_172' title='bbox 728 2206 927 2271; x_wconf 72' lang='lat' dir='ltr'>cernttntam</span> <span class='ocrx_word' id='word_1_173' title='bbox 950 2205 1075 2270; x_wconf 88' lang='lat' dir='ltr'>omnine</span> <span class='ocrx_word' id='word_1_174' title='bbox 1097 2205 1254 2286; x_wconf 75' lang='lat' dir='ltr'>transire5</span> <span class='ocrx_word' id='word_1_175' title='bbox 1274 2225 1332 2271; x_wconf 87' lang='lat' dir='ltr'>nee</span> <span class='ocrx_word' id='word_1_176' title='bbox 1346 2207 1457 2273; x_wconf 73' lang='lat' dir='ltr'>ullam</span> 
     </span>
     <span class='ocr_line' id='line_1_21' title="bbox 213 2307 1457 2397; baseline -0.002 -18"><span class='ocrx_word' id='word_1_177' title='bbox 213 2314 309 2397; x_wconf 78' lang='lat' dir='ltr'>brejas</span> <span class='ocrx_word' id='word_1_178' title='bbox 333 2311 570 2397; x_wconf 74' lang='lat' dir='ltr'>jurisdictionis</span> <span class='ocrx_word' id='word_1_179' title='bbox 589 2315 718 2393; x_wconf 85' lang='lat' dir='ltr'>partem</span> <span class='ocrx_word' id='word_1_180' title='bbox 736 2327 832 2392; x_wconf 87' lang='lat' dir='ltr'>posse</span> <span class='ocrx_word' id='word_1_181' title='bbox 858 2307 1041 2390; x_wconf 77' lang='lat' dir='ltr'>Capitulum</span> <span class='ocrx_word' id='word_1_182' title='bbox 1066 2308 1128 2375; x_wconf 87' lang='lat' dir='ltr'>sibi</span> <span class='ocrx_word' id='word_1_183' title='bbox 1156 2329 1334 2390; x_wconf 71' lang='lat' dir='ltr'>reservare,</span> <span class='ocrx_word' id='word_1_184' title='bbox 1362 2332 1457 2394; x_wconf 77' lang='lat' dir='ltr'>nepae</span> 
     </span>
     <span class='ocr_line' id='line_1_22' title="bbox 209 2411 1457 2499; baseline -0.004 -15"><span class='ocrx_word' id='word_1_185' title='bbox 209 2438 304 2499; x_wconf 84' lang='lat' dir='ltr'>posse</span> <span class='ocrx_word' id='word_1_186' title='bbox 326 2417 371 2484; x_wconf 76' lang='lat' dir='ltr'>acl</span> <span class='ocrx_word' id='word_1_187' title='bbox 391 2421 509 2483; x_wconf 78' lang='lat' dir='ltr'>amnem</span> <span class='ocrx_word' id='word_1_188' title='bbox 531 2420 559 2481; x_wconf 88' lang='lat' dir='ltr'>et</span> <span class='ocrx_word' id='word_1_189' title='bbox 580 2415 740 2498; x_wconf 67' lang='lat' dir='ltr'>titianum</span> <span class='ocrx_word' id='word_1_190' title='bbox 765 2419 885 2496; x_wconf 84' lang='lat' dir='ltr'>tempus</span> <span class='ocrx_word' id='word_1_191' title='bbox 905 2411 1069 2479; x_wconf 71' lang='lat' dir='ltr'>Vocarium</span> <span class='ocrx_word' id='word_1_192' title='bbox 1090 2413 1276 2480; x_wconf 68' lang='lat' dir='ltr'>uacuare</span> <span class='ocrx_word' id='word_1_193' title='bbox 1300 2415 1457 2498; x_wconf 73' lang='lat' dir='ltr'>multoque</span> 
     </span>
     <span class='ocr_line' id='line_1_23' title="bbox 213 2517 1455 2601; baseline -0.002 -15"><span class='ocrx_word' id='word_1_194' title='bbox 213 2522 319 2588; x_wconf 88' lang='lat' dir='ltr'>minus</span> <span class='ocrx_word' id='word_1_195' title='bbox 339 2541 501 2599; x_wconf 86' lang='lat' dir='ltr'>remanere,</span> <span class='ocrx_word' id='word_1_196' title='bbox 525 2518 581 2585; x_wconf 79' lang='lat' dir='ltr'>secl</span> <span class='ocrx_word' id='word_1_197' title='bbox 602 2539 672 2583; x_wconf 90' lang='lat' dir='ltr'>enm</span> <span class='ocrx_word' id='word_1_198' title='bbox 692 2518 727 2582; x_wconf 88' lang='lat' dir='ltr'>in</span> <span class='ocrx_word' id='word_1_199' title='bbox 746 2517 851 2600; x_wconf 71' lang='lat' dir='ltr'>ospicia</span> <span class='ocrx_word' id='word_1_200' title='bbox 867 2537 1058 2598; x_wconf 87' lang='lat' dir='ltr'>permanere</span> <span class='ocrx_word' id='word_1_201' title='bbox 1072 2537 1229 2600; x_wconf 74' lang='lat' dir='ltr'>penemque</span> <span class='ocrx_word' id='word_1_202' title='bbox 1242 2537 1342 2584; x_wconf 73' lang='lat' dir='ltr'>nomm</span> <span class='ocrx_word' id='word_1_203' title='bbox 1357 2517 1455 2601; x_wconf 82' lang='lat' dir='ltr'>Epie-</span> 
     </span>
     <span class='ocr_line' id='line_1_24' title="bbox 215 2621 1456 2709; baseline -0.004 -16"><span class='ocrx_word' id='word_1_204' title='bbox 215 2647 308 2709; x_wconf 89' lang='lat' dir='ltr'>copus</span> <span class='ocrx_word' id='word_1_205' title='bbox 323 2627 462 2692; x_wconf 72' lang='lat' dir='ltr'>Literas</span> <span class='ocrx_word' id='word_1_206' title='bbox 480 2623 683 2707; x_wconf 85' lang='lat' dir='ltr'>Apostolicac</span> <span class='ocrx_word' id='word_1_207' title='bbox 696 2622 735 2689; x_wconf 77' lang='lat' dir='ltr'>ete</span> <span class='ocrx_word' id='word_1_208' title='bbox 757 2622 869 2688; x_wconf 87' lang='lat' dir='ltr'>collato</span> <span class='ocrx_word' id='word_1_209' title='bbox 891 2621 953 2688; x_wconf 85' lang='lat' dir='ltr'>sibi</span> <span class='ocrx_word' id='word_1_210' title='bbox 974 2621 1172 2706; x_wconf 63' lang='lat' dir='ltr'>meamne</span> <span class='ocrx_word' id='word_1_211' title='bbox 1187 2621 1346 2704; x_wconf 76' lang='lat' dir='ltr'>Capitale,</span> <span class='ocrx_word' id='word_1_212' title='bbox 1362 2625 1456 2706; x_wconf 73' lang='lat' dir='ltr'>jurata</span> 
     </span>
     <span class='ocr_line' id='line_1_25' title="bbox 215 2725 1456 2815; baseline -0.004 -16"><span class='ocrx_word' id='word_1_213' title='bbox 215 2731 383 2815; x_wconf 76' lang='lat' dir='ltr'>Bonisacii</span> <span class='ocrx_word' id='word_1_214' title='bbox 408 2727 505 2795; x_wconf 79' lang='grc' dir='ltr'>ΠΗ.</span> <span class='ocrx_word' id='word_1_215' title='bbox 529 2727 786 2796; x_wconf 83' lang='lat' dir='ltr'>Praedecessaris</span> <span class='ocrx_word' id='word_1_216' title='bbox 811 2727 923 2793; x_wconf 80' lang='lat' dir='ltr'>Nostri</span> <span class='ocrx_word' id='word_1_217' title='bbox 949 2725 1252 2810; x_wconf 66' lang='lat' dir='ltr'>Omntitutianemb,</span> <span class='ocrx_word' id='word_1_218' title='bbox 1281 2727 1329 2794; x_wconf 87' lang='lat' dir='ltr'>vel</span> <span class='ocrx_word' id='word_1_219' title='bbox 1360 2725 1456 2811; x_wconf 82' lang='lat' dir='ltr'>Gepi-</span> 
     </span>
     <span class='ocr_line' id='line_1_26' title="bbox 215 2829 1457 2918; baseline -0.004 -15"><span class='ocrx_word' id='word_1_220' title='bbox 215 2837 279 2903; x_wconf 88' lang='lat' dir='ltr'>tula</span> <span class='ocrx_word' id='word_1_221' title='bbox 304 2836 470 2918; x_wconf 70' lang='lat' dir='ltr'>deficimus,</span> <span class='ocrx_word' id='word_1_222' title='bbox 494 2831 726 2912; x_wconf 71' lang='lat' dir='ltr'>mentibuerit,</span> <span class='ocrx_word' id='word_1_223' title='bbox 749 2834 813 2915; x_wconf 80' lang='lat' dir='ltr'>pai,</span> <span class='ocrx_word' id='word_1_224' title='bbox 838 2833 882 2897; x_wconf 81' lang='lat' dir='ltr'>act</span> <span class='ocrx_word' id='word_1_225' title='bbox 902 2852 1048 2898; x_wconf 88' lang='lat' dir='ltr'>normam</span> <span class='ocrx_word' id='word_1_226' title='bbox 1068 2831 1125 2898; x_wconf 81' lang='lat' dir='ltr'>SS.</span> <span class='ocrx_word' id='word_1_227' title='bbox 1155 2829 1325 2912; x_wconf 78' lang='lat' dir='ltr'>Oananurn</span> <span class='ocrx_word' id='word_1_228' title='bbox 1350 2831 1400 2898; x_wconf 79' lang='lat' dir='ltr'>aei</span> <span class='ocrx_word' id='word_1_229' title='bbox 1420 2854 1457 2898; x_wconf 84' lang='lat' dir='ltr'>ec</span> 
     </span>
     <span class='ocr_line' id='line_1_27' title="bbox 215 2935 1458 3022; baseline -0.001 -17"><span class='ocrx_word' id='word_1_230' title='bbox 215 2939 348 3022; x_wconf 86' lang='lat' dir='ltr'>speciali</span> <span class='ocrx_word' id='word_1_231' title='bbox 367 2938 514 3006; x_wconf 82' lang='lat' dir='ltr'>S..Sertis</span> <span class='ocrx_word' id='word_1_232' title='bbox 534 2938 750 3020; x_wconf 71' lang='lat' dir='ltr'>dispositione,</span> <span class='ocrx_word' id='word_1_233' title='bbox 779 2943 941 3002; x_wconf 84' lang='lat' dir='ltr'>vacantem</span> <span class='ocrx_word' id='word_1_234' title='bbox 966 2935 1143 3003; x_wconf 83' lang='lat' dir='ltr'>Dioecesim</span> <span class='ocrx_word' id='word_1_235' title='bbox 1163 2937 1381 3018; x_wconf 81' lang='lat' dir='ltr'>administrat,</span> <span class='ocrx_word' id='word_1_236' title='bbox 1412 2937 1458 3003; x_wconf 85' lang='lat' dir='ltr'>cel</span> 
     </span>
     <span class='ocr_line' id='line_1_28' title="bbox 216 3041 1116 3127; baseline 0 -18"><span class='ocrx_word' id='word_1_237' title='bbox 216 3044 354 3127; x_wconf 76' lang='lat' dir='ltr'>ejusden</span> <span class='ocrx_word' id='word_1_238' title='bbox 377 3043 689 3119; x_wconf 78' lang='lat' dir='ltr'>Administraterern,</span> <span class='ocrx_word' id='word_1_239' title='bbox 712 3061 768 3107; x_wconf 81' lang='lat' dir='ltr'>scre</span> <span class='ocrx_word' id='word_1_240' title='bbox 794 3042 957 3108; x_wconf 83' lang='lat' dir='ltr'>l‘ieare&#39;mn</span> <span class='ocrx_word' id='word_1_241' title='bbox 979 3041 1116 3126; x_wconf 76' lang='lat' dir='ltr'>deponat.</span> 
     </span>
    </p>

    <p class='ocr_par' dir='ltr' id='par_1_6' title="bbox 208 3145 1460 3868">
     <span class='ocr_line' id='line_1_29' title="bbox 319 3145 1458 3233; baseline -0.005 -17"><span class='ocrx_word' id='word_1_242' title='bbox 319 3149 526 3233; x_wconf 77' lang='lat' dir='ltr'>Quamobrem</span> <span class='ocrx_word' id='word_1_243' title='bbox 543 3169 606 3231; x_wconf 86' lang='lat' dir='ltr'>pra</span> <span class='ocrx_word' id='word_1_244' title='bbox 626 3148 726 3214; x_wconf 86' lang='lat' dir='ltr'>nullis</span> <span class='ocrx_word' id='word_1_245' title='bbox 747 3145 908 3212; x_wconf 81' lang='lat' dir='ltr'>babmedae</span> <span class='ocrx_word' id='word_1_246' title='bbox 935 3151 1010 3212; x_wconf 85' lang='lat' dir='ltr'>sunt</span> <span class='ocrx_word' id='word_1_247' title='bbox 1031 3145 1245 3226; x_wconf 73' lang='lat' dir='ltr'>imitationes,</span> <span class='ocrx_word' id='word_1_248' title='bbox 1274 3165 1330 3211; x_wconf 81' lang='lat' dir='ltr'>een</span> <span class='ocrx_word' id='word_1_249' title='bbox 1353 3147 1458 3229; x_wconf 72' lang='lat' dir='ltr'>pacari</span> 
     </span>
     <span class='ocr_line' id='line_1_30' title="bbox 208 3248 1460 3339; baseline -0.003 -19"><span class='ocrx_word' id='word_1_250' title='bbox 208 3255 472 3339; x_wconf 78' lang='lat' dir='ltr'>jurisdictionem</span> <span class='ocrx_word' id='word_1_251' title='bbox 497 3275 552 3321; x_wconf 88' lang='lat' dir='ltr'>sen</span> <span class='ocrx_word' id='word_1_252' title='bbox 566 3253 670 3336; x_wconf 78' lang='lat' dir='ltr'>quoad</span> <span class='ocrx_word' id='word_1_253' title='bbox 691 3258 811 3333; x_wconf 83' lang='lat' dir='ltr'>tempus</span> <span class='ocrx_word' id='word_1_254' title='bbox 826 3251 964 3334; x_wconf 83' lang='lat' dir='ltr'>adjectae</span> <span class='ocrx_word' id='word_1_255' title='bbox 979 3273 1000 3317; x_wconf 93' lang='lat' dir='ltr'>a</span> <span class='ocrx_word' id='word_1_256' title='bbox 1016 3248 1162 3333; x_wconf 80' lang='lat' dir='ltr'>Capitale</span> <span class='ocrx_word' id='word_1_257' title='bbox 1177 3250 1318 3318; x_wconf 89' lang='lat' dir='ltr'>electioni</span> <span class='ocrx_word' id='word_1_258' title='bbox 1338 3251 1460 3318; x_wconf 81' lang='lat' dir='ltr'>Vecarii</span> 
     </span>
     <span class='ocr_line' id='line_1_31' title="bbox 218 3355 1459 3442; baseline -0.002 -17"><span class='ocrx_word' id='word_1_259' title='bbox 218 3359 433 3441; x_wconf 77' lang='lat' dir='ltr'>Capitularis,</span> <span class='ocrx_word' id='word_1_260' title='bbox 468 3360 523 3442; x_wconf 80' lang='lat' dir='ltr'>pai</span> <span class='ocrx_word' id='word_1_261' title='bbox 551 3359 685 3438; x_wconf 82' lang='lat' dir='ltr'>idcirco,</span> <span class='ocrx_word' id='word_1_262' title='bbox 717 3357 761 3421; x_wconf 85' lang='lat' dir='ltr'>iis</span> <span class='ocrx_word' id='word_1_263' title='bbox 782 3355 1074 3434; x_wconf 64' lang='lat' dir='ltr'>amnemamnem,</span> <span class='ocrx_word' id='word_1_264' title='bbox 1108 3355 1248 3438; x_wconf 76' lang='lat' dir='ltr'>osfieium</span> <span class='ocrx_word' id='word_1_265' title='bbox 1274 3355 1370 3422; x_wconf 74' lang='lat' dir='ltr'>senet</span> <span class='ocrx_word' id='word_1_266' title='bbox 1398 3355 1459 3422; x_wconf 85' lang='lat' dir='ltr'>sibi</span> 
     </span>
     <span class='ocr_line' id='line_1_32' title="bbox 215 3461 1457 3545; baseline 0.001 -18"><span class='ocrx_word' id='word_1_267' title='bbox 215 3466 274 3530; x_wconf 85' lang='lat' dir='ltr'>rite</span> <span class='ocrx_word' id='word_1_268' title='bbox 301 3464 468 3544; x_wconf 80' lang='lat' dir='ltr'>collatum,</span> <span class='ocrx_word' id='word_1_269' title='bbox 482 3489 485 3498; x_wconf 62' lang='lat'><strong>⁴</strong></span> <span class='ocrx_word' id='word_1_270' title='bbox 500 3470 562 3530; x_wconf 89' lang='lat' dir='ltr'>teta</span> <span class='ocrx_word' id='word_1_271' title='bbox 592 3469 743 3545; x_wconf 81' lang='lat' dir='ltr'>ternpore,</span> <span class='ocrx_word' id='word_1_272' title='bbox 778 3483 836 3545; x_wconf 81' lang='lat' dir='ltr'>qno</span> <span class='ocrx_word' id='word_1_273' title='bbox 866 3461 963 3530; x_wconf 80' lang='lat' dir='ltr'>Sedes</span> <span class='ocrx_word' id='word_1_274' title='bbox 992 3461 1198 3545; x_wconf 84' lang='lat' dir='ltr'>Episcopalis</span> <span class='ocrx_word' id='word_1_275' title='bbox 1222 3481 1325 3528; x_wconf 79' lang='lat' dir='ltr'>naara</span> <span class='ocrx_word' id='word_1_276' title='bbox 1351 3463 1457 3544; x_wconf 68' lang='lat' dir='ltr'>fueri,</span> 
     </span>
     <span class='ocr_line' id='line_1_33' title="bbox 214 3565 1458 3652; baseline 0 -20"><span class='ocrx_word' id='word_1_277' title='bbox 214 3574 367 3652; x_wconf 77' lang='lat' dir='ltr'>totamque</span> <span class='ocrx_word' id='word_1_278' title='bbox 397 3567 598 3634; x_wconf 82' lang='lat' dir='ltr'>ordinariam</span> <span class='ocrx_word' id='word_1_279' title='bbox 623 3567 880 3650; x_wconf 81' lang='lat' dir='ltr'>jurisdictionem</span> <span class='ocrx_word' id='word_1_280' title='bbox 918 3565 1142 3649; x_wconf 67' lang='lat' dir='ltr'>Epitrepontem</span> <span class='ocrx_word' id='word_1_281' title='bbox 1171 3565 1266 3632; x_wconf 84' lang='lat' dir='ltr'>libere</span> <span class='ocrx_word' id='word_1_282' title='bbox 1294 3571 1324 3632; x_wconf 88' lang='lat' dir='ltr'>et</span> <span class='ocrx_word' id='word_1_283' title='bbox 1354 3567 1458 3632; x_wconf 80' lang='lat' dir='ltr'>valide</span> 
     </span>
     <span class='ocr_line' id='line_1_34' title="bbox 214 3669 1457 3756; baseline -0.001 -19"><span class='ocrx_word' id='word_1_284' title='bbox 214 3693 356 3738; x_wconf 80' lang='lat' dir='ltr'>exercere</span> <span class='ocrx_word' id='word_1_285' title='bbox 375 3677 495 3756; x_wconf 83' lang='lat' dir='ltr'>perpet,</span> <span class='ocrx_word' id='word_1_286' title='bbox 525 3673 621 3738; x_wconf 76' lang='lat' dir='ltr'>alaeue</span> <span class='ocrx_word' id='word_1_287' title='bbox 641 3691 739 3738; x_wconf 74' lang='lat' dir='ltr'>names</span> <span class='ocrx_word' id='word_1_288' title='bbox 761 3670 941 3752; x_wconf 78' lang='lat' dir='ltr'>Episcopus</span> <span class='ocrx_word' id='word_1_289' title='bbox 963 3669 1168 3751; x_wconf 83' lang='lat' dir='ltr'>Apostolicas</span> <span class='ocrx_word' id='word_1_290' title='bbox 1191 3671 1361 3737; x_wconf 86' lang='lat' dir='ltr'>canonicae</span> <span class='ocrx_word' id='word_1_291' title='bbox 1382 3690 1457 3736; x_wconf 75' lang='lat' dir='ltr'>meae</span> 
     </span>
     <span class='ocr_line' id='line_1_35' title="bbox 213 3773 1129 3868; baseline -0.002 -26"><span class='ocrx_word' id='word_1_292' title='bbox 213 3777 418 3844; x_wconf 81' lang='lat' dir='ltr'>institutionis</span> <span class='ocrx_word' id='word_1_293' title='bbox 440 3776 597 3856; x_wconf 70' lang='lat' dir='ltr'>litteus,</span> <span class='ocrx_word' id='word_1_294' title='bbox 627 3783 663 3842; x_wconf 84' lang='lat' dir='ltr'>at</span> <span class='ocrx_word' id='word_1_295' title='bbox 681 3775 835 3854; x_wconf 64' lang='lat' dir='ltr'>daimon,</span> <span class='ocrx_word' id='word_1_296' title='bbox 868 3773 1019 3842; x_wconf 80' lang='lat' dir='ltr'>ecbibeat.</span> <span class='ocrx_word' id='word_1_297' title='bbox 1125 3861 1129 3868; x_wconf 32' lang='grc' dir='ltr'>Ι</span> 
     </span>
    </p>

    <p class='ocr_par' dir='ltr' id='par_1_7' title="bbox 194 3878 1456 4278">
     <span class='ocr_line' id='line_1_36' title="bbox 316 3878 1456 3961; baseline -0.003 -15"><span class='ocrx_word' id='word_1_298' title='bbox 316 3879 390 3947; x_wconf 87' lang='lat' dir='ltr'>Hac</span> <span class='ocrx_word' id='word_1_299' title='bbox 412 3885 516 3946; x_wconf 88' lang='lat' dir='ltr'>autem</span> <span class='ocrx_word' id='word_1_300' title='bbox 537 3881 699 3948; x_wconf 67' lang='lat' dir='ltr'>commone</span> <span class='ocrx_word' id='word_1_301' title='bbox 714 3879 914 3946; x_wconf 76' lang='lat' dir='ltr'>decimanus</span> <span class='ocrx_word' id='word_1_302' title='bbox 928 3880 1030 3960; x_wconf 76' lang='lat' dir='ltr'>etiamr,</span> <span class='ocrx_word' id='word_1_303' title='bbox 1056 3885 1085 3946; x_wconf 91' lang='lat' dir='ltr'>et</span> <span class='ocrx_word' id='word_1_304' title='bbox 1098 3878 1295 3945; x_wconf 71' lang='lat' dir='ltr'>decernimus</span> <span class='ocrx_word' id='word_1_305' title='bbox 1307 3899 1355 3958; x_wconf 89' lang='lat' dir='ltr'>ea,</span> <span class='ocrx_word' id='word_1_306' title='bbox 1379 3899 1456 3961; x_wconf 78' lang='lat' dir='ltr'>puae</span> 
     </span>
     <span class='ocr_line' id='line_1_37' title="bbox 214 3981 1455 4070; baseline -0.002 -20"><span class='ocrx_word' id='word_1_307' title='bbox 214 4007 234 4050; x_wconf 93' lang='lat' dir='ltr'>a</span> <span class='ocrx_word' id='word_1_308' title='bbox 264 3985 417 4070; x_wconf 81' lang='lat' dir='ltr'>Greporio</span> <span class='ocrx_word' id='word_1_309' title='bbox 447 3989 489 4050; x_wconf 85' lang='lat' dir='ltr'>X.</span> <span class='ocrx_word' id='word_1_310' title='bbox 520 3983 692 4052; x_wconf 83' lang='lat' dir='ltr'>Deceesare</span> <span class='ocrx_word' id='word_1_311' title='bbox 724 3985 841 4050; x_wconf 86' lang='lat' dir='ltr'>Nostro</span> <span class='ocrx_word' id='word_1_312' title='bbox 875 3983 910 4048; x_wconf 92' lang='lat' dir='ltr'>in</span> <span class='ocrx_word' id='word_1_313' title='bbox 944 3983 1085 4051; x_wconf 77' lang='lat' dir='ltr'>Concilio</span> <span class='ocrx_word' id='word_1_314' title='bbox 1118 3983 1324 4066; x_wconf 75' lang='lat' dir='ltr'>anrinnenei</span> <span class='ocrx_word' id='word_1_315' title='bbox 1350 3981 1391 4049; x_wconf 79' lang='lat'>2⁰</span> <span class='ocrx_word' id='word_1_316' title='bbox 1419 3983 1455 4048; x_wconf 82' lang='lat' dir='ltr'>eie</span> 
     </span>
     <span class='ocr_line' id='line_1_38' title="bbox 194 4088 1454 4172; baseline -0.002 -18"><span class='ocrx_word' id='word_1_317' title='bbox 194 4117 196 4121; x_wconf 95' lang='lat'>·</span> <span class='ocrx_word' id='word_1_318' title='bbox 213 4089 317 4156; x_wconf 86' lang='lat' dir='ltr'>electis</span> <span class='ocrx_word' id='word_1_319' title='bbox 331 4111 353 4157; x_wconf 91' lang='lat' dir='ltr'>a</span> <span class='ocrx_word' id='word_1_320' title='bbox 369 4089 535 4172; x_wconf 72' lang='lat' dir='ltr'>Capitulis,</span> <span class='ocrx_word' id='word_1_321' title='bbox 560 4091 725 4158; x_wconf 77' lang='lat' dir='ltr'>commata</span> <span class='ocrx_word' id='word_1_322' title='bbox 742 4089 862 4170; x_wconf 64' lang='lat' dir='ltr'>sam),</span> <span class='ocrx_word' id='word_1_323' title='bbox 884 4088 1140 4172; x_wconf 82' lang='lat' dir='ltr'>coraprebendere</span> <span class='ocrx_word' id='word_1_324' title='bbox 1154 4089 1249 4154; x_wconf 88' lang='lat' dir='ltr'>etiam</span> <span class='ocrx_word' id='word_1_325' title='bbox 1269 4089 1454 4164; x_wconf 75' lang='lat' dir='ltr'>muneratos,</span> 
     </span>
     <span class='ocr_line' id='line_1_39' title="bbox 212 4193 1453 4278; baseline 0.001 -19"><span class='ocrx_word' id='word_1_326' title='bbox 212 4199 241 4259; x_wconf 89' lang='lat' dir='ltr'>et</span> <span class='ocrx_word' id='word_1_327' title='bbox 255 4199 476 4276; x_wconf 86' lang='lat' dir='ltr'>praesentatas</span> <span class='ocrx_word' id='word_1_328' title='bbox 498 4217 518 4261; x_wconf 93' lang='lat' dir='ltr'>a</span> <span class='ocrx_word' id='word_1_329' title='bbox 539 4195 705 4278; x_wconf 83' lang='lat' dir='ltr'>Supremis</span> <span class='ocrx_word' id='word_1_330' title='bbox 729 4193 934 4278; x_wconf 85' lang='lat' dir='ltr'>publicarmn</span> <span class='ocrx_word' id='word_1_331' title='bbox 960 4213 1067 4259; x_wconf 83' lang='lat' dir='ltr'>rerum</span> <span class='ocrx_word' id='word_1_332' title='bbox 1089 4193 1364 4272; x_wconf 80' lang='lat' dir='ltr'>Moderatarrbus,</span> <span class='ocrx_word' id='word_1_333' title='bbox 1392 4195 1453 4261; x_wconf 87' lang='lat' dir='ltr'>siae</span> 
     </span>
    </p>
   </div>
   <div class='ocr_carea' id='block_1_5' title="bbox 215 4355 526 4365">
    <p class='ocr_par' dir='ltr' id='par_1_8' title="bbox 215 4355 526 4365">
     <span class='ocr_line' id='line_1_40' title="bbox 215 4355 526 4365; baseline 0.006 -2"><span class='ocrx_word' id='word_1_334' title='bbox 215 4355 526 4365; x_wconf 73' lang='lat'>——--—--—--—</span> 
     </span>
    </p>
   </div>
   <div class='ocr_carea' id='block_1_6' title="bbox 317 4412 1109 4594">
    <p class='ocr_par' dir='ltr' id='par_1_9' title="bbox 317 4412 1109 4594">
     <span class='ocr_line' id='line_1_41' title="bbox 317 4412 1109 4511; baseline -0.003 -19"><span class='ocrx_word' id='word_1_335' title='bbox 317 4438 346 4500; x_wconf 87' lang='lat'>1)</span> <span class='ocrx_word' id='word_1_336' title='bbox 365 4435 512 4506; x_wconf 78' lang='lat' dir='ltr'>Extrarag.</span> <span class='ocrx_word' id='word_1_337' title='bbox 532 4437 696 4511; x_wconf 76' lang='lat' dir='ltr'>lajanctae</span> <span class='ocrx_word' id='word_1_338' title='bbox 715 4435 748 4492; x_wconf 90' lang='lat' dir='ltr'>de</span> <span class='ocrx_word' id='word_1_339' title='bbox 765 4436 906 4492; x_wconf 81' lang='lat' dir='ltr'>Eleaticue</span> <span class='ocrx_word' id='word_1_340' title='bbox 925 4435 998 4491; x_wconf 87' lang='lat' dir='ltr'>inter</span> <span class='ocrx_word' id='word_1_341' title='bbox 1015 4412 1109 4491; x_wconf 84' lang='lat' dir='ltr'>comm.</span> 
     </span>
     <span class='ocr_line' id='line_1_42' title="bbox 318 4521 907 4594; baseline -0.002 -16"><span class='ocrx_word' id='word_1_342' title='bbox 318 4523 346 4593; x_wconf 78' lang='lat'>2)</span> <span class='ocrx_word' id='word_1_343' title='bbox 365 4522 429 4594; x_wconf 80' lang='lat' dir='ltr'>Cap.</span> <span class='ocrx_word' id='word_1_344' title='bbox 448 4525 612 4580; x_wconf 81' lang='lat' dir='ltr'>Avaritiae</span> <span class='ocrx_word' id='word_1_345' title='bbox 631 4521 663 4578; x_wconf 81' lang='lat' dir='ltr'>(ie</span> <span class='ocrx_word' id='word_1_346' title='bbox 681 4523 818 4579; x_wconf 78' lang='lat' dir='ltr'>illectione</span> <span class='ocrx_word' id='word_1_347' title='bbox 836 4523 864 4577; x_wconf 89' lang='lat' dir='ltr'>in</span> <span class='ocrx_word' id='word_1_348' title='bbox 882 4523 907 4577; x_wconf 82' lang='lat'>6.</span> 
     </span>
    </p>
   </div>
   <div class='ocr_carea' id='block_1_7' title="bbox 0 0 1552 4932">
    <p class='ocr_par' dir='ltr' id='par_1_10' title="bbox 0 0 1552 4932">
     <span class='ocr_line' id='line_1_43' title="bbox 0 0 1552 4932; baseline 0 0"><span class='ocrx_word' id='word_1_349' title='bbox 0 0 1552 4932; x_wconf 95' lang='lat' dir='ltr'> </span> 
     </span>
    </p>
   </div>
  </div>
 </body>
</html>
