2990 4934
305 189 357 246 mr
376 189 437 245 ee.
458 189 508 244 rx.
529 189 651 259 suuper.
665 173 699 244 ‘u
719 189 763 244 ar.
783 187 1066 246 aemmorrousae.
1245 166 1307 234 195

69 363 146 430 Hinc
168 364 225 443 est,
246 364 328 447 quod
351 363 390 430 ah
413 363 473 430 hac
495 363 673 449 Apostolica
695 362 785 444 Sede,
807 361 861 429 ulri
884 362 994 442 heatus
1019 363 1131 428 Petrus
1157 361 1255 427 »uiuit
1275 364 1308 426 ct

72 467 240 551 »praesidet
265 471 298 534 et
327 471 467 552 praestet
493 467 712 552 quaerentibus
740 466 813 534 fidei
843 467 1038 546 vamtatem«
1075 467 1173 550 (Pete.
1198 465 1306 552 Chrys.

69 591 112 656 ep.
133 571 170 637 ad
188 572 332 658 Eutych.)
357 571 408 639 »in
431 592 535 640 omncs
556 571 749 639 venerandae
771 571 993 640 communionis
1013 571 1086 656 juro
1108 571 1317 648 dimanant;‹·

68 675 166 760 (Cone.
189 676 296 761 Aquil.
326 677 418 744 inter.
442 695 509 762 epp.
544 677 759 762 umbros-ep.
781 676 821 744 ll.
844 695 929 743 uum.
951 677 983 742 4.
1014 675 1142 743 Hieron.
1165 695 1231 761 epp.
1257 678 1307 742 14.

69 785 98 846 et
122 782 170 846 lt.
204 781 245 846 ad
274 781 415 866 Damas.)
445 784 478 848 ct
509 781 590 848 hano
624 781 764 847 eamdem
801 781 919 848 sedem
941 781 1098 848 »ecclesiis
1132 783 1200 848 toto
1233 781 1306 848 orbe

72 885 208 953 »diffusis
230 887 317 954 uelut
337 887 431 970 caput
452 903 578 952 suorum
603 889 724 952 certum
747 885 795 952 cst
818 904 884 952 csse
905 885 1126 964 membrorum,
1149 907 1168 951 a
1190 905 1251 970 qua
1273 905 1306 950 so

71 991 225 1077 »quisquis
247 991 395 1070 abscidit,
424 991 462 1057 iit
484 991 673 1056 christianae
696 989 856 1076 religionis
878 989 1027 1069 extorris,
1052 1009 1122 1055 cum
1147 990 1177 1055 iu
1201 991 1307 1056 eadem

71 1115 143 1160 »nour
170 1096 306 1180 coeperit
329 1115 396 1162 esse
418 1113 597 1179 compage«
628 1093 742 1179 (Bouif.
768 1096 796 1160 l.
819 1111 866 1178 ep.
892 1095 941 1159 14.
966 1092 1004 1158 ad
1028 1093 1128 1178 Episc.
1153 1093 1307 1175 Thessal.)

165 1200 249 1268 Hinc
270 1202 400 1268 sanctus
414 1202 532 1284 martyr
548 1199 720 1285 Cyprianus
736 1199 774 1265 dc
789 1197 988 1264 schismatico
1003 1197 1157 1264 disserens
1173 1199 1305 1282 pseudo-

68 1305 202 1389 episcopo
225 1305 399 1372 Novatieno
423 1305 521 1389 ipsam
544 1305 571 1370 ei
588 1304 716 1390 negauit
737 1303 905 1370 christiani
927 1303 1177 1387 appellationem,
1201 1306 1307 1388 utpote

67 1409 201 1492 sejuncto
223 1411 263 1475 *ct
286 1409 421 1476 abscisso
445 1409 484 1475 eh
508 1409 647 1475 Ecclesia
677 1406 806 1475 Christi.
852 1406 1018 1492 »Quisquis
1039 1407 1092 1474 ille
1116 1411 1173 1484 est,
1195 1409 1307 1494 inquit,
1391 1419 1407 1441 ·

72 1517 119 1578 »ct
140 1513 375 1597 qualiscumque
405 1513 472 1592 est,
509 1512 698 1579 christianus
732 1531 792 1578 non
820 1513 868 1578 est
897 1511 951 1597 qui
973 1512 1005 1578 iu
1028 1510 1147 1580 Christi
1168 1511 1308 1580 Ecclesia
1385 1566 1386 1577 ,

72 1637 146 1684 ›rron
167 1620 224 1684 cst
248 1617 356 1686 Jectet
378 1637 412 1684 se
434 1617 517 1696 licet,
540 1620 572 1684 et
592 1616 818 1703 philosophiam
841 1616 890 1682 vel
912 1615 1120 1702 eloquentiam
1143 1635 1230 1684 suam
1254 1637 1307 1684 su·

72 1722 186 1806 »perlis
209 1722 336 1790 uocibus
358 1722 533 1806 praedicem
560 1721 613 1806 qui
641 1730 697 1788 uec
726 1721 895 1789 fraternam
919 1721 1099 1805 caritatem,
1129 1741 1186 1789 nec
1209 1722 1308 1790 eccle·
1402 1707 1404 1718 ’

72 1827 245 1894 ›siasticam
278 1826 430 1894 uanitatem
464 1827 611 1906 retinuit,
644 1827 741 1894 etium
763 1825 845 1911 quod
867 1825 953 1911 prius
986 1827 1048 1893 fuit
1069 1827 1185 1893 amisit.
1224 1815 1306 1894 'Cum

72 1932 129 1996 »sit
149 1951 168 1998 a
190 1929 316 1998 Christo
344 1949 405 1996 una
427 1930 567 1997 Ecclesia
592 1950 648 2014 per
669 1930 772 1997 totum
802 1921 950 1996 muudum
974 1931 1006 1997 in
1033 1932 1135 1997 multa
1166 1933 1307 1998 membra

72 2035 201 2114 mirisa,
239 2036 314 2102 item
338 2036 533 2121 episcopatus
555 2055 635 2101 uuus
656 2035 868 2120 episcoporum
890 2035 1058 2102 multomm
1083 2035 1226 2102 concordi
1249 2055 1306 2102 nu·

72 2141 263 2208 »merositate
283 2141 434 2220 diffusus,
469 2142 522 2208 ille
544 2143 614 2227 post
637 2141 696 2207 Dei
728 2140 948 2220 traditionem,
983 2142 1053 2225 post
1085 2158 1251 2208 connexam
1274 2141 1306 2208 et

73 2244 196 2328 ,ubique
219 2245 418 2329 conjunctam
442 2247 614 2312 catholicae
638 2245 797 2311 Ecclesiae
819 2245 995 2324 unitatem,
1017 2243 1185 2311 humanam
1210 2264 1304 2311 cona-

73 2350 137 2416 ›tur
156 2350 319 2436 ecclesiam
343 2351 454 2417 iacere.
492 2349 552 2433 Qui
586 2369 660 2435 crgo
693 2368 749 2415 uec
778 2349 933 2415 unitatem
966 2349 1116 2433 spiritus,
1153 2369 1210 2416 nec
1232 2367 1305 2414 con-

73 2455 274 2538 »juuctioncm
298 2455 382 2539 pacis
408 2455 566 2535 observat,
601 2456 634 2520 et
655 2473 688 2520 se
711 2455 750 2532 ab
770 2453 927 2520 Ecclesiae
957 2453 1079 2520 uinculo
1101 2457 1136 2519 et
1158 2473 1177 2520 a
1198 2473 1302 2519 sacer—

72 2559 191 2626 ›dotum
213 2558 345 2642 collegio
368 2561 508 2643 separat,
531 2558 665 2644 episcopi
688 2577 745 2624 noc
766 2559 956 2642 potestatem
977 2557 1081 2642 potest
1103 2557 1227 2641 habere,
1249 2575 1305 2623 uec

72 2663 253 2744 rhenonum,
276 2663 330 2748 qui
352 2664 548 2750 episcopatus
570 2683 626 2730 ucc
649 2663 802 2729 unitatem
825 2662 925 2728 voluit
946 2663 1061 2740 tenere,
1084 2681 1300 2752 ueclpacemm

70 2767 220 2854 (Cypriam
244 2771 351 2835 contra
373 2771 539 2836 Novatian.
563 2789 609 2854 cp.
633 2770 684 2835 52.
708 2768 747 2834 ad
770 2768 950 2852 Antoniam)

165 2875 231 2940 Nos
251 2873 350 2960 igitur
371 2875 425 2958 qui
447 2875 478 2939 in
502 2893 647 2958 suprema
676 2873 735 2939 hac
759 2873 845 2939 Petri
877 2871 1025 2938 cathedra
1058 2871 1098 2938 ad
1131 2872 1304 2938 custodiam

70 2973 133 3042 iidci
166 2977 338 3044 catholicae
361 2977 454 3044 etad
490 2977 670 3043 servandam
693 2993 730 3042 ac
762 2975 908 3042 tuendam
944 2976 1125 3042 universalis
1147 2978 1304 3044 Ecclesiae

70 3080 226 3160 unitatem,
250 3083 325 3148 licet
340 3083 557 3166 immerentes,
575 3081 737 3146 constituti
753 3099 869 3159 suurus,
892 3079 1094 3146 Decessorum
1115 3081 1300 3148 Nostrorum

70 3200 279 3270 sacrorumque
308 3185 413 3271 legum
435 3205 552 3252 morem
576 3189 669 3270 atque
698 3185 871 3269 exemplum
893 3185 1032 3268 sequuti,
1062 3186 1182 3252 trucido
1204 3185 1304 3254 Notis

71 3291 189 3356 occeio
204 3297 375 3373 potcstoic,
404 3312 465 3357 uoce
494 3291 596 3358 solum
625 3285 811 3356 electionem
828 3290 1000 3356 memorati
1014 3289 1148 3373 Josepii
1168 3291 1305 3358 Huberti

72 3389 236 3474 Reirrheue,
272 3401 380 3461 contro
402 3415 567 3462 sacrorum
589 3416 741 3462 ccreouum
762 3397 954 3462 ccumiouem
976 3395 1113 3476 fuctum,
1147 3395 1301 3475 illicitum,

71 3495 189 3564 inanem
209 3506 239 3565 ct
258 3501 384 3566 omniuo
406 3500 536 3588 uultum,
561 3502 686 3584 ejccsquc
708 3500 971 3566 commorationem
990 3499 1177 3583 socr-ilepum
1198 3500 1303 3566 decic-

72 3618 181 3682 ramm,
206 3606 368 3688 rejicimus
390 3625 428 3671 cc
450 3605 656 3686 deiectumum
679 3605 734 3671 sed
755 3610 784 3670 ct
803 3605 910 3686 ipsum
924 3598 1097 3686 Joecprlrum
1120 3604 1303 3684 Huicrium,

73 3708 97 3766 ei
117 3707 170 3787 put
189 3730 257 3774 cum
278 3709 391 3793 eiicere
413 3715 613 3790 ostentarunt,
638 3715 667 3775 et
682 3710 737 3792 qui
750 3709 923 3792 comiteque
938 3709 1165 3775 cousecrotimu'
1177 3730 1306 3791 operum

74 3812 314 3895 commodarunt,
343 3820 373 3880 ct
403 3815 587 3896 quicumque
617 3813 729 3880 iisdem
761 3812 979 3891 adhaeserint,
1014 3831 1178 3896 coruumuc
1194 3819 1306 3895 pantes

73 3916 184 3992 eccum·
206 3936 303 3998 opocen,
324 3919 478 4000 fauorma,
501 3919 668 3998 auxilium,
691 3923 747 3984 uui
761 3936 942 3983 coneursum
957 3915 1173 3998 praebuerint,
1196 3923 1305 3983 aucm-

74 4015 159 4083 reue
174 4019 399 4105 omnipotentis
421 4021 486 4088 Dei
508 4023 812 4089 cccommcmiccmus
832 4026 862 4086 ct
883 4020 1193 4102 cucurummamue,
1216 4027 1308 4104 cique

74 4117 110 4182 ub
131 4122 290 4194 Ecclesiae
312 4129 527 4194 commuuione
548 4134 725 4212 scprcpoios
750 4134 778 4193 et
807 4127 841 4193 iu
863 4145 971 4192 coruom
999 4144 1128 4191 uuuucrc
1150 4125 1308 4191 trudendos

74 4241 152 4303 08⁸⁶,
173 4249 192 4295 u
216 4253 348 4313 quocum
369 4234 593 4299 consuetudine
615 4251 841 4316 compressoque
868 4232 915 4297 sic
945 4229 1088 4297 occuitus
1109 4229 1308 4311 Ohmetiptdc·

75 4325 151 4394 lidum
171 4333 335 4402 iuetcrdr'mit
349 4337 529 4420 Apostolus,
553 4341 589 4402 ut
610 4357 664 4402 uec
679 4357 735 4403 coc
756 4335 826 4403 illie
846 4335 950 4402 dicere
968 4335 1084 4400 diserte
1103 4335 1305 4416 praeceperit,

77 4429 117 4508 ill
137 4433 224 4503 Joan.
249 4460 277 4508 u.
302 4441 366 4524 10.)
389 4441 605 4522 declaramus,
628 4441 780 4508 edicimus
800 4446 829 4506 ct
850 4439 1049 4506 murrdcmue.

173 4541 222 4627 [8]
244 4543 288 4609 Ex
311 4545 361 4609 his
384 4563 463 4630 quoae
486 4544 676 4630 deplorando
698 4545 801 4630 magis
822 4563 914 4628 quam
939 4541 1110 4684 enarrendp
1133 4541 1307 4627 attigimus,

1033 4647 1071 4710 13
