<?xml version="1.0" encoding="UTF-8"?>
<!DOCTYPE html PUBLIC "-//W3C//DTD XHTML 1.0 Transitional//EN"
    "http://www.w3.org/TR/xhtml1/DTD/xhtml1-transitional.dtd">
<html xmlns="http://www.w3.org/1999/xhtml" xml:lang="en" lang="en">
 <head>
  <title>
</title>
<meta http-equiv="Content-Type" content="text/html;charset=utf-8" />
  <meta name='ocr-system' content='tesseract 3.04.00' />
  <meta name='ocr-capabilities' content='ocr_page ocr_carea ocr_par ocr_line ocrx_word'/>
</head>
<body>
  <div class='ocr_page' id='page_1' title='image "./archivfrkatholi18jurigoog/archivfrkatholi18jurigoog_0201.png"; bbox 0 0 2990 4934; ppageno 0'>
   <div class='ocr_carea' id='block_1_1' title="bbox 152 121 1334 244">
    <p class='ocr_par' dir='ltr' id='par_1_1' title="bbox 152 121 1334 244">
     <span class='ocr_line' id='line_1_1' title="bbox 152 121 1334 244; baseline 0.002 -25"><span class='ocrx_word' id='word_1_1' title='bbox 152 136 248 220; x_wconf 49' lang='grc' dir='ltr'>Ἰ196</span> <span class='ocrx_word' id='word_1_2' title='bbox 420 162 472 244; x_wconf 77' lang='lat' dir='ltr'>Pit</span> <span class='ocrx_word' id='word_1_3' title='bbox 492 161 550 228; x_wconf 84' lang='lat' dir='ltr'>PP.</span> <span class='ocrx_word' id='word_1_4' title='bbox 570 169 622 226; x_wconf 86' lang='lat' dir='ltr'>lX.</span> <span class='ocrx_word' id='word_1_5' title='bbox 642 169 764 241; x_wconf 75' lang='lat' dir='ltr'>Eneycl.</span> <span class='ocrx_word' id='word_1_6' title='bbox 784 171 812 224; x_wconf 86' lang='lat' dir='ltr'>d.</span> <span class='ocrx_word' id='word_1_7' title='bbox 833 167 876 224; x_wconf 81' lang='lat'>21.</span> <span class='ocrx_word' id='word_1_8' title='bbox 897 161 1081 225; x_wconf 77' lang='lat' dir='ltr'>Novembris</span> <span class='ocrx_word' id='word_1_9' title='bbox 1100 161 1182 223; x_wconf 74' lang='lat' dir='ltr'>rede.</span> <span class='ocrx_word' id='word_1_10' title='bbox 1257 121 1259 126; x_wconf 23' lang='grc' dir='ltr'>Ι</span> <span class='ocrx_word' id='word_1_11' title='bbox 1331 140 1334 148; x_wconf 42' lang='grc'><strong>’</strong></span> 
     </span>
    </p>
   </div>
   <div class='ocr_carea' id='block_1_2' title="bbox 149 340 1432 954">
    <p class='ocr_par' dir='ltr' id='par_1_2' title="bbox 149 340 1432 954">
     <span class='ocr_line' id='line_1_2' title="bbox 185 340 1432 428; baseline -0.004 -18"><span class='ocrx_word' id='word_1_12' title='bbox 185 343 386 415; x_wconf 78' lang='lat' dir='ltr'>venerabiles</span> <span class='ocrx_word' id='word_1_13' title='bbox 409 345 543 426; x_wconf 75' lang='lat' dir='ltr'><strong>Fratres,</strong></span> <span class='ocrx_word' id='word_1_14' title='bbox 567 345 644 417; x_wconf 88' lang='lat' dir='ltr'>satis</span> <span class='ocrx_word' id='word_1_15' title='bbox 668 343 754 412; x_wconf 86' lang='lat' dir='ltr'>vobis</span> <span class='ocrx_word' id='word_1_16' title='bbox 776 345 973 428; x_wconf 88' lang='lat' dir='ltr'>perspectum</span> <span class='ocrx_word' id='word_1_17' title='bbox 996 345 1054 427; x_wconf 88' lang='lat' dir='ltr'>est,</span> <span class='ocrx_word' id='word_1_18' title='bbox 1077 361 1169 426; x_wconf 89' lang='lat' dir='ltr'>quam</span> <span class='ocrx_word' id='word_1_19' title='bbox 1194 340 1300 426; x_wconf 88' lang='lat' dir='ltr'>tristis</span> <span class='ocrx_word' id='word_1_20' title='bbox 1323 343 1358 406; x_wconf 86' lang='lat' dir='ltr'>et</span> <span class='ocrx_word' id='word_1_21' title='bbox 1379 361 1432 423; x_wconf 88' lang='lat' dir='ltr'>pc-</span> 
     </span>
     <span class='ocr_line' id='line_1_3' title="bbox 185 446 1430 535; baseline -0.005 -20"><span class='ocrx_word' id='word_1_22' title='bbox 185 448 283 515; x_wconf 85' lang='lat' dir='ltr'>rieulo</span> <span class='ocrx_word' id='word_1_23' title='bbox 305 448 406 534; x_wconf 90' lang='lat' dir='ltr'>plena·</span> <span class='ocrx_word' id='word_1_24' title='bbox 419 450 460 516; x_wconf 88' lang='lat' dir='ltr'>sit</span> <span class='ocrx_word' id='word_1_25' title='bbox 483 450 516 516; x_wconf 90' lang='lat' dir='ltr'>in</span> <span class='ocrx_word' id='word_1_26' title='bbox 538 450 577 517; x_wconf 91' lang='lat' dir='ltr'>iis</span> <span class='ocrx_word' id='word_1_27' title='bbox 596 467 678 535; x_wconf 86' lang='lat' dir='ltr'>quas·</span> <span class='ocrx_word' id='word_1_28' title='bbox 695 448 941 534; x_wconf 84' lang='lat' dir='ltr'>significavimus</span> <span class='ocrx_word' id='word_1_29' title='bbox 956 449 1097 531; x_wconf 80' lang='lat' dir='ltr'>Europae</span> <span class='ocrx_word' id='word_1_30' title='bbox 1118 447 1298 532; x_wconf 78' lang='lat' dir='ltr'>regionibus</span> <span class='ocrx_word' id='word_1_31' title='bbox 1315 446 1430 512; x_wconf 87' lang='lat' dir='ltr'>Catho-</span> 
     </span>
     <span class='ocr_line' id='line_1_4' title="bbox 160 551 1430 638; baseline -0.006 -17"><span class='ocrx_word' id='word_1_32' title='bbox 160 553 316 621; x_wconf 88' lang='lat' dir='ltr'>·lieorum</span> <span class='ocrx_word' id='word_1_33' title='bbox 339 553 484 621; x_wconf 85' lang='lat' dir='ltr'>conditio.</span> <span class='ocrx_word' id='word_1_34' title='bbox 529 555 637 638; x_wconf 88' lang='lat' dir='ltr'>Neque</span> <span class='ocrx_word' id='word_1_35' title='bbox 660 573 732 620; x_wconf 86' lang='lat' dir='ltr'>vero</span> <span class='ocrx_word' id='word_1_36' title='bbox 762 552 953 620; x_wconf 85' lang='lat' dir='ltr'>commodius</span> <span class='ocrx_word' id='word_1_37' title='bbox 975 572 1024 619; x_wconf 90' lang='lat' dir='ltr'>res</span> <span class='ocrx_word' id='word_1_38' title='bbox 1048 553 1168 637; x_wconf 89' lang='lat' dir='ltr'>agitur,</span> <span class='ocrx_word' id='word_1_39' title='bbox 1192 553 1248 617; x_wconf 89' lang='lat' dir='ltr'>aut</span> <span class='ocrx_word' id='word_1_40' title='bbox 1270 551 1430 635; x_wconf 81' lang='lat' dir='ltr'>pacationu</span> 
     </span>
     <span class='ocr_line' id='line_1_5' title="bbox 186 655 1430 742; baseline -0.005 -20"><span class='ocrx_word' id='word_1_41' title='bbox 186 660 260 724; x_wconf 89' lang='lat' dir='ltr'>snut</span> <span class='ocrx_word' id='word_1_42' title='bbox 281 659 422 742; x_wconf 89' lang='lat' dir='ltr'>tempora</span> <span class='ocrx_word' id='word_1_43' title='bbox 446 659 479 724; x_wconf 91' lang='lat' dir='ltr'>iu</span> <span class='ocrx_word' id='word_1_44' title='bbox 501 659 668 737; x_wconf 81' lang='lat' dir='ltr'>Ameriae,</span> <span class='ocrx_word' id='word_1_45' title='bbox 704 657 792 742; x_wconf 89' lang='lat' dir='ltr'>eujus</span> <span class='ocrx_word' id='word_1_46' title='bbox 822 657 964 741; x_wconf 78' lang='lat' dir='ltr'><strong>regiones</strong></span> <span class='ocrx_word' id='word_1_47' title='bbox 993 656 1158 723; x_wconf 79' lang='lat' dir='ltr'>nonnullae</span> <span class='ocrx_word' id='word_1_48' title='bbox 1188 657 1235 721; x_wconf 89' lang='lat' dir='ltr'>ita</span> <span class='ocrx_word' id='word_1_49' title='bbox 1258 655 1430 722; x_wconf 75' lang='lat' dir='ltr'>Catholicis</span> 
     </span>
     <span class='ocr_line' id='line_1_6' title="bbox 149 747 1429 848; baseline -0.004 -20"><span class='ocrx_word' id='word_1_50' title='bbox 149 747 153 768; x_wconf 75' lang='grc'>”</span> <span class='ocrx_word' id='word_1_51' title='bbox 186 763 316 828; x_wconf 84' lang='lat' dir='ltr'>infestae</span> <span class='ocrx_word' id='word_1_52' title='bbox 337 764 418 843; x_wconf 89' lang='lat' dir='ltr'>suut,</span> <span class='ocrx_word' id='word_1_53' title='bbox 444 764 480 828; x_wconf 90' lang='lat' dir='ltr'>ut</span> <span class='ocrx_word' id='word_1_54' title='bbox 503 761 898 830; x_wconf 82' lang='lat' dir='ltr'>ea1·hmGubernia·lactis</span> <span class='ocrx_word' id='word_1_55' title='bbox 922 783 1035 848; x_wconf 87' lang='lat' dir='ltr'>negare</span> <span class='ocrx_word' id='word_1_56' title='bbox 1056 762 1219 828; x_wconf 87' lang='lat' dir='ltr'>uideantur</span> <span class='ocrx_word' id='word_1_57' title='bbox 1241 760 1429 826; x_wconf 86' lang='lat' dir='ltr'>catholicam</span> 
     </span>
     <span class='ocr_line' id='line_1_7' title="bbox 186 864 1428 954; baseline -0.003 -21"><span class='ocrx_word' id='word_1_58' title='bbox 186 888 278 954; x_wconf 90' lang='lat' dir='ltr'>quarn</span> <span class='ocrx_word' id='word_1_59' title='bbox 301 867 486 952; x_wconf 88' lang='lat' dir='ltr'>profitentur</span> <span class='ocrx_word' id='word_1_60' title='bbox 508 867 609 936; x_wconf 88' lang='lat' dir='ltr'>fidem.</span> <span class='ocrx_word' id='word_1_61' title='bbox 653 868 702 932; x_wconf 92' lang='lat' dir='ltr'>Ibi</span> <span class='ocrx_word' id='word_1_62' title='bbox 726 867 807 934; x_wconf 88' lang='lat' dir='ltr'>eninr</span> <span class='ocrx_word' id='word_1_63' title='bbox 834 867 955 951; x_wconf 86' lang='lat' dir='ltr'>aliquot</span> <span class='ocrx_word' id='word_1_64' title='bbox 985 867 1099 933; x_wconf 89' lang='lat' dir='ltr'>abhinc</span> <span class='ocrx_word' id='word_1_65' title='bbox 1120 867 1209 932; x_wconf 87' lang='lat' dir='ltr'>annis</span> <span class='ocrx_word' id='word_1_66' title='bbox 1232 864 1353 931; x_wconf 90' lang='lat' dir='ltr'>bellum</span> <span class='ocrx_word' id='word_1_67' title='bbox 1378 884 1428 930; x_wconf 89' lang='lat' dir='ltr'>as-</span> 
     </span>
    </p>
   </div>
   <div class='ocr_carea' id='block_1_3' title="bbox 80 970 1430 1062">
    <p class='ocr_par' dir='ltr' id='par_1_3' title="bbox 80 970 1430 1062">
     <span class='ocr_line' id='line_1_8' title="bbox 80 970 1430 1062; baseline -0.002 -25"><span class='ocrx_word' id='word_1_68' title='bbox 80 1007 93 1062; x_wconf 78' lang='lat'><em>1</em></span> <span class='ocrx_word' id='word_1_69' title='bbox 187 975 354 1059; x_wconf 89' lang='lat' dir='ltr'>perrimum</span> <span class='ocrx_word' id='word_1_70' title='bbox 376 973 484 1038; x_wconf 90' lang='lat' dir='ltr'>eontra</span> <span class='ocrx_word' id='word_1_71' title='bbox 505 973 687 1052; x_wconf 83' lang='lat' dir='ltr'>Ecclesiam,</span> <span class='ocrx_word' id='word_1_72' title='bbox 710 973 837 1057; x_wconf 90' lang='lat' dir='ltr'>ejusque</span> <span class='ocrx_word' id='word_1_73' title='bbox 859 972 1072 1038; x_wconf 87' lang='lat' dir='ltr'>iost&#39;tntiones</span> <span class='ocrx_word' id='word_1_74' title='bbox 1088 973 1121 1038; x_wconf 89' lang='lat' dir='ltr'>et</span> <span class='ocrx_word' id='word_1_75' title='bbox 1140 972 1211 1056; x_wconf 90' lang='lat' dir='ltr'>jura</span> <span class='ocrx_word' id='word_1_76' title='bbox 1237 971 1334 1055; x_wconf 90' lang='lat' dir='ltr'>hujus</span> <span class='ocrx_word' id='word_1_77' title='bbox 1349 970 1430 1053; x_wconf 79' lang='lat' dir='ltr'>Apo-</span> 
     </span>
    </p>
   </div>
   <div class='ocr_carea' id='block_1_4' title="bbox 187 1075 1431 2836">
    <p class='ocr_par' dir='ltr' id='par_1_4' title="bbox 187 1075 1430 1374">
     <span class='ocr_line' id='line_1_9' title="bbox 187 1075 1429 1162; baseline -0.006 -17"><span class='ocrx_word' id='word_1_78' title='bbox 187 1079 315 1147; x_wconf 88' lang='lat' dir='ltr'>stolicaa</span> <span class='ocrx_word' id='word_1_79' title='bbox 336 1077 424 1144; x_wconf 86' lang='lat' dir='ltr'>Sedis</span> <span class='ocrx_word' id='word_1_80' title='bbox 448 1079 548 1162; x_wconf 91' lang='lat' dir='ltr'>eoepit</span> <span class='ocrx_word' id='word_1_81' title='bbox 571 1078 767 1144; x_wconf 85' lang='lat' dir='ltr'>commoneri.</span> <span class='ocrx_word' id='word_1_82' title='bbox 804 1078 892 1144; x_wconf 88' lang='lat' dir='ltr'>Haec</span> <span class='ocrx_word' id='word_1_83' title='bbox 914 1079 942 1143; x_wconf 93' lang='lat' dir='ltr'>si</span> <span class='ocrx_word' id='word_1_84' title='bbox 964 1095 1224 1162; x_wconf 84' lang='lat' dir='ltr'>prosequeremur,</span> <span class='ocrx_word' id='word_1_85' title='bbox 1247 1075 1351 1142; x_wconf 87' lang='lat' dir='ltr'>Nobis</span> <span class='ocrx_word' id='word_1_86' title='bbox 1374 1095 1429 1139; x_wconf 91' lang='lat' dir='ltr'>uon</span> 
     </span>
     <span class='ocr_line' id='line_1_10' title="bbox 188 1178 1430 1267; baseline -0.005 -17"><span class='ocrx_word' id='word_1_87' title='bbox 188 1185 307 1250; x_wconf 85' lang='lat' dir='ltr'>deesset</span> <span class='ocrx_word' id='word_1_88' title='bbox 323 1183 439 1260; x_wconf 85' lang='lat' dir='ltr'>oratio;</span> <span class='ocrx_word' id='word_1_89' title='bbox 462 1202 534 1248; x_wconf 89' lang='lat' dir='ltr'>cum</span> <span class='ocrx_word' id='word_1_90' title='bbox 551 1185 654 1248; x_wconf 85' lang='lat' dir='ltr'>autern</span> <span class='ocrx_word' id='word_1_91' title='bbox 683 1185 807 1266; x_wconf 89' lang='lat' dir='ltr'>propter</span> <span class='ocrx_word' id='word_1_92' title='bbox 822 1203 925 1249; x_wconf 90' lang='lat' dir='ltr'>rerum</span> <span class='ocrx_word' id='word_1_93' title='bbox 941 1183 1129 1267; x_wconf 83' lang='lat' dir='ltr'>gravitatem</span> <span class='ocrx_word' id='word_1_94' title='bbox 1147 1181 1248 1248; x_wconf 87' lang='lat' dir='ltr'>obiter</span> <span class='ocrx_word' id='word_1_95' title='bbox 1262 1178 1430 1264; x_wconf 80' lang='lat' dir='ltr'>perstringi</span> 
     </span>
     <span class='ocr_line' id='line_1_11' title="bbox 188 1287 929 1374; baseline 0.003 -20"><span class='ocrx_word' id='word_1_96' title='bbox 188 1308 248 1355; x_wconf 90' lang='lat' dir='ltr'>non</span> <span class='ocrx_word' id='word_1_97' title='bbox 270 1289 399 1372; x_wconf 89' lang='lat' dir='ltr'>possint,</span> <span class='ocrx_word' id='word_1_98' title='bbox 422 1287 460 1352; x_wconf 82' lang='lat' dir='ltr'>cle</span> <span class='ocrx_word' id='word_1_99' title='bbox 482 1287 545 1352; x_wconf 90' lang='lat' dir='ltr'>illis</span> <span class='ocrx_word' id='word_1_100' title='bbox 568 1288 646 1356; x_wconf 90' lang='lat' dir='ltr'>elias</span> <span class='ocrx_word' id='word_1_101' title='bbox 670 1289 768 1354; x_wconf 89' lang='lat' dir='ltr'>lusius</span> <span class='ocrx_word' id='word_1_102' title='bbox 791 1307 929 1374; x_wconf 91' lang='lat' dir='ltr'>agemus.</span> 
     </span>
    </p>

    <p class='ocr_par' dir='ltr' id='par_1_5' title="bbox 188 1390 1431 2836">
     <span class='ocr_line' id='line_1_12' title="bbox 292 1390 1430 1479; baseline -0.004 -21"><span class='ocrx_word' id='word_1_103' title='bbox 292 1393 343 1476; x_wconf 78' lang='lat'>[9]</span> <span class='ocrx_word' id='word_1_104' title='bbox 367 1392 536 1458; x_wconf 87' lang='lat' dir='ltr'>Mirabitur</span> <span class='ocrx_word' id='word_1_105' title='bbox 557 1393 689 1460; x_wconf 88' lang='lat' dir='ltr'>fortasse</span> <span class='ocrx_word' id='word_1_106' title='bbox 711 1393 864 1479; x_wconf 81' lang='lat' dir='ltr'>quispiam</span> <span class='ocrx_word' id='word_1_107' title='bbox 885 1414 922 1459; x_wconf 84' lang='lat' dir='ltr'>er</span> <span class='ocrx_word' id='word_1_108' title='bbox 945 1393 1047 1472; x_wconf 84' lang='lat' dir='ltr'>Vobis,</span> <span class='ocrx_word' id='word_1_109' title='bbox 1071 1390 1271 1458; x_wconf 84' lang='lat' dir='ltr'>Venerabiles</span> <span class='ocrx_word' id='word_1_110' title='bbox 1294 1390 1430 1468; x_wconf 73' lang='lat' dir='ltr'>Fratrm,</span> 
     </span>
     <span class='ocr_line' id='line_1_13' title="bbox 188 1494 1428 1583; baseline -0.002 -21"><span class='ocrx_word' id='word_1_111' title='bbox 188 1500 254 1562; x_wconf 90' lang='lat' dir='ltr'>tam</span> <span class='ocrx_word' id='word_1_112' title='bbox 277 1497 341 1564; x_wconf 86' lang='lat' dir='ltr'>late</span> <span class='ocrx_word' id='word_1_113' title='bbox 363 1499 470 1581; x_wconf 87' lang='lat' dir='ltr'>patere</span> <span class='ocrx_word' id='word_1_114' title='bbox 493 1497 609 1563; x_wconf 90' lang='lat' dir='ltr'>bellum</span> <span class='ocrx_word' id='word_1_115' title='bbox 632 1498 713 1583; x_wconf 92' lang='lat' dir='ltr'>qnod</span> <span class='ocrx_word' id='word_1_116' title='bbox 742 1499 847 1564; x_wconf 73' lang='lat' dir='ltr'>aetite</span> <span class='ocrx_word' id='word_1_117' title='bbox 873 1498 979 1567; x_wconf 87' lang='lat' dir='ltr'>nostre</span> <span class='ocrx_word' id='word_1_118' title='bbox 1002 1496 1160 1564; x_wconf 78' lang='lat' dir='ltr'>Ecclesiae</span> <span class='ocrx_word' id='word_1_119' title='bbox 1186 1494 1362 1579; x_wconf 82' lang='lat' dir='ltr'>catholicae</span> <span class='ocrx_word' id='word_1_120' title='bbox 1383 1495 1428 1560; x_wconf 90' lang='lat' dir='ltr'>in-</span> 
     </span>
     <span class='ocr_line' id='line_1_14' title="bbox 189 1600 1430 1685; baseline -0.002 -19"><span class='ocrx_word' id='word_1_121' title='bbox 189 1603 295 1668; x_wconf 84' lang='lat' dir='ltr'>tertur.</span> <span class='ocrx_word' id='word_1_122' title='bbox 342 1601 455 1668; x_wconf 86' lang='lat' dir='ltr'>Verum</span> <span class='ocrx_word' id='word_1_123' title='bbox 479 1603 622 1685; x_wconf 82' lang='lat' dir='ltr'>quisquis</span> <span class='ocrx_word' id='word_1_124' title='bbox 642 1603 742 1684; x_wconf 82' lang='lat' dir='ltr'>probe</span> <span class='ocrx_word' id='word_1_125' title='bbox 761 1604 882 1668; x_wconf 80' lang='lat' dir='ltr'>noceret</span> <span class='ocrx_word' id='word_1_126' title='bbox 901 1601 1056 1680; x_wconf 83' lang='lat' dir='ltr'>indolem,</span> <span class='ocrx_word' id='word_1_127' title='bbox 1085 1600 1205 1679; x_wconf 68' lang='lat' dir='ltr'>stadia</span> <span class='ocrx_word' id='word_1_128' title='bbox 1232 1601 1430 1682; x_wconf 78' lang='lat' dir='ltr'>propositam</span> 
     </span>
     <span class='ocr_line' id='line_1_15' title="bbox 188 1704 1430 1788; baseline -0.003 -16"><span class='ocrx_word' id='word_1_129' title='bbox 188 1712 352 1782; x_wconf 73' lang='lat' dir='ltr'>sectarunt,</span> <span class='ocrx_word' id='word_1_130' title='bbox 375 1708 440 1772; x_wconf 86' lang='lat' dir='ltr'>sive</span> <span class='ocrx_word' id='word_1_131' title='bbox 469 1708 647 1774; x_wconf 83' lang='lat' dir='ltr'>mnaorrieue</span> <span class='ocrx_word' id='word_1_132' title='bbox 669 1707 827 1788; x_wconf 82' lang='lat' dir='ltr'>dicuntur,</span> <span class='ocrx_word' id='word_1_133' title='bbox 851 1707 916 1772; x_wconf 81' lang='lat' dir='ltr'>sive</span> <span class='ocrx_word' id='word_1_134' title='bbox 933 1706 999 1772; x_wconf 82' lang='lat' dir='ltr'>alto</span> <span class='ocrx_word' id='word_1_135' title='bbox 1020 1704 1129 1788; x_wconf 66' lang='lat' dir='ltr'>quomo</span> <span class='ocrx_word' id='word_1_136' title='bbox 1149 1705 1274 1770; x_wconf 77' lang='lat' dir='ltr'>nomiae</span> <span class='ocrx_word' id='word_1_137' title='bbox 1296 1705 1430 1779; x_wconf 66' lang='lat' dir='ltr'>sarmul,</span> 
     </span>
     <span class='ocr_line' id='line_1_16' title="bbox 189 1810 1430 1904; baseline 0 -30"><span class='ocrx_word' id='word_1_138' title='bbox 189 1831 284 1893; x_wconf 80' lang='lat' dir='ltr'>eoqrec</span> <span class='ocrx_word' id='word_1_139' title='bbox 305 1812 446 1904; x_wconf 63' lang='lat' dir='ltr'>consent</span> <span class='ocrx_word' id='word_1_140' title='bbox 468 1831 539 1878; x_wconf 76' lang='lat' dir='ltr'>cuns</span> <span class='ocrx_word' id='word_1_141' title='bbox 560 1812 673 1892; x_wconf 75' lang='lat' dir='ltr'>hadala,</span> <span class='ocrx_word' id='word_1_142' title='bbox 697 1813 829 1889; x_wconf 75' lang='lat' dir='ltr'>rectae,</span> <span class='ocrx_word' id='word_1_143' title='bbox 853 1811 1060 1896; x_wconf 83' lang='lat' dir='ltr'>amplitudine</span> <span class='ocrx_word' id='word_1_144' title='bbox 1074 1811 1168 1893; x_wconf 73' lang='lat' dir='ltr'>lajas</span> <span class='ocrx_word' id='word_1_145' title='bbox 1182 1810 1430 1884; x_wconf 79' lang='lat' dir='ltr'>concertationis,</span> 
     </span>
     <span class='ocr_line' id='line_1_17' title="bbox 190 1914 1431 2010; baseline -0.002 -30"><span class='ocrx_word' id='word_1_146' title='bbox 190 1936 253 1996; x_wconf 84' lang='lat' dir='ltr'>qno</span> <span class='ocrx_word' id='word_1_147' title='bbox 272 1917 372 1996; x_wconf 76' lang='lat' dir='ltr'>sance</span> <span class='ocrx_word' id='word_1_148' title='bbox 392 1915 506 1998; x_wconf 79' lang='lat' dir='ltr'>ubique</span> <span class='ocrx_word' id='word_1_149' title='bbox 527 1921 684 1983; x_wconf 67' lang='lat' dir='ltr'>taronem</span> <span class='ocrx_word' id='word_1_150' title='bbox 700 1915 847 2010; x_wconf 74' lang='lat' dir='ltr'>Ecclesia</span> <span class='ocrx_word' id='word_1_151' title='bbox 860 1916 1032 1997; x_wconf 78' lang='lat' dir='ltr'>impetitur,</span> <span class='ocrx_word' id='word_1_152' title='bbox 1054 1914 1209 1998; x_wconf 71' lang='lat' dir='ltr'>ambigere</span> <span class='ocrx_word' id='word_1_153' title='bbox 1223 1935 1287 1981; x_wconf 82' lang='lat' dir='ltr'>nore</span> <span class='ocrx_word' id='word_1_154' title='bbox 1303 1915 1431 1996; x_wconf 75' lang='lat' dir='ltr'>poterit</span> 
     </span>
     <span class='ocr_line' id='line_1_18' title="bbox 191 2019 1431 2103; baseline -0.001 -19"><span class='ocrx_word' id='word_1_155' title='bbox 191 2019 265 2100; x_wconf 82' lang='lat' dir='ltr'>quin</span> <span class='ocrx_word' id='word_1_156' title='bbox 293 2040 449 2100; x_wconf 81' lang='lat' dir='ltr'>praesens</span> <span class='ocrx_word' id='word_1_157' title='bbox 481 2021 648 2086; x_wconf 82' lang='lat' dir='ltr'>calamites</span> <span class='ocrx_word' id='word_1_158' title='bbox 677 2019 851 2103; x_wconf 78' lang='lat' dir='ltr'>fraudibus</span> <span class='ocrx_word' id='word_1_159' title='bbox 878 2019 1219 2087; x_wconf 59' lang='lat' dir='ltr'>cenomannensem</span> <span class='ocrx_word' id='word_1_160' title='bbox 1251 2019 1431 2085; x_wconf 70' lang='lat' dir='ltr'>eumden</span> 
     </span>
     <span class='ocr_line' id='line_1_19' title="bbox 191 2122 1431 2208; baseline 0 -21"><span class='ocrx_word' id='word_1_161' title='bbox 191 2128 347 2190; x_wconf 72' lang='lat' dir='ltr'>maumam</span> <span class='ocrx_word' id='word_1_162' title='bbox 365 2125 567 2206; x_wconf 80' lang='lat' dir='ltr'>potissimum</span> <span class='ocrx_word' id='word_1_163' title='bbox 588 2131 714 2208; x_wconf 80' lang='lat' dir='ltr'>accepto</span> <span class='ocrx_word' id='word_1_164' title='bbox 735 2125 902 2207; x_wconf 79' lang='lat' dir='ltr'>referendo</span> <span class='ocrx_word' id='word_1_165' title='bbox 923 2127 975 2191; x_wconf 87' lang='lat' dir='ltr'>sit.</span> <span class='ocrx_word' id='word_1_166' title='bbox 1020 2125 1064 2188; x_wconf 81' lang='lat' dir='ltr'>ur</span> <span class='ocrx_word' id='word_1_167' title='bbox 1087 2123 1136 2188; x_wconf 89' lang='lat' dir='ltr'>his</span> <span class='ocrx_word' id='word_1_168' title='bbox 1158 2141 1292 2206; x_wconf 81' lang='lat' dir='ltr'>uanique</span> <span class='ocrx_word' id='word_1_169' title='bbox 1314 2122 1431 2188; x_wconf 85' lang='lat' dir='ltr'>coales-</span> 
     </span>
     <span class='ocr_line' id='line_1_20' title="bbox 192 2225 1431 2314; baseline 0.002 -25"><span class='ocrx_word' id='word_1_170' title='bbox 192 2227 235 2290; x_wconf 89' lang='lat' dir='ltr'>cit</span> <span class='ocrx_word' id='word_1_171' title='bbox 257 2235 416 2312; x_wconf 83' lang='lat' dir='ltr'>synagoga</span> <span class='ocrx_word' id='word_1_172' title='bbox 444 2225 578 2296; x_wconf 84' lang='lat' dir='ltr'>Satanae</span> <span class='ocrx_word' id='word_1_173' title='bbox 607 2248 686 2314; x_wconf 88' lang='lat' dir='ltr'>quae</span> <span class='ocrx_word' id='word_1_174' title='bbox 717 2231 825 2296; x_wconf 88' lang='lat' dir='ltr'>eontra</span> <span class='ocrx_word' id='word_1_175' title='bbox 854 2229 1022 2296; x_wconf 84' lang='lat' dir='ltr'>Ecclesiam</span> <span class='ocrx_word' id='word_1_176' title='bbox 1055 2228 1173 2294; x_wconf 77' lang='lat' dir='ltr'>Christi</span> <span class='ocrx_word' id='word_1_177' title='bbox 1200 2246 1272 2294; x_wconf 86' lang='lat' dir='ltr'>suas</span> <span class='ocrx_word' id='word_1_178' title='bbox 1304 2229 1431 2293; x_wconf 88' lang='lat' dir='ltr'>instruit</span> 
     </span>
     <span class='ocr_line' id='line_1_21' title="bbox 192 2331 1431 2418; baseline 0.002 -24"><span class='ocrx_word' id='word_1_179' title='bbox 192 2332 305 2415; x_wconf 89' lang='lat' dir='ltr'>copias,</span> <span class='ocrx_word' id='word_1_180' title='bbox 327 2331 423 2398; x_wconf 85' lang='lat' dir='ltr'>infert</span> <span class='ocrx_word' id='word_1_181' title='bbox 445 2333 546 2418; x_wconf 86' lang='lat' dir='ltr'>sigua,</span> <span class='ocrx_word' id='word_1_182' title='bbox 575 2335 606 2399; x_wconf 92' lang='lat' dir='ltr'>et</span> <span class='ocrx_word' id='word_1_183' title='bbox 627 2351 754 2400; x_wconf 90' lang='lat' dir='ltr'>manum</span> <span class='ocrx_word' id='word_1_184' title='bbox 776 2334 917 2400; x_wconf 87' lang='lat' dir='ltr'>conserit.</span> <span class='ocrx_word' id='word_1_185' title='bbox 964 2333 1066 2398; x_wconf 86' lang='lat' dir='ltr'>Hasce</span> <span class='ocrx_word' id='word_1_186' title='bbox 1085 2332 1272 2417; x_wconf 75' lang='lat' dir='ltr'>Jampridem</span> <span class='ocrx_word' id='word_1_187' title='bbox 1295 2333 1335 2398; x_wconf 85' lang='lat' dir='ltr'>ab</span> <span class='ocrx_word' id='word_1_188' title='bbox 1360 2332 1431 2416; x_wconf 88' lang='lat' dir='ltr'>ipsis</span> 
     </span>
     <span class='ocr_line' id='line_1_22' title="bbox 191 2435 1431 2523; baseline 0.001 -24"><span class='ocrx_word' id='word_1_189' title='bbox 191 2437 323 2502; x_wconf 88' lang='lat' dir='ltr'>exordiis</span> <span class='ocrx_word' id='word_1_190' title='bbox 344 2435 599 2504; x_wconf 88' lang='lat' dir='ltr'>Praedeoessores</span> <span class='ocrx_word' id='word_1_191' title='bbox 621 2436 740 2516; x_wconf 88' lang='lat' dir='ltr'>Nostri,</span> <span class='ocrx_word' id='word_1_192' title='bbox 762 2436 874 2523; x_wconf 86' lang='lat' dir='ltr'>vigiles</span> <span class='ocrx_word' id='word_1_193' title='bbox 895 2437 927 2502; x_wconf 92' lang='lat' dir='ltr'>in</span> <span class='ocrx_word' id='word_1_194' title='bbox 950 2436 1057 2517; x_wconf 88' lang='lat' dir='ltr'>Israel,</span> <span class='ocrx_word' id='word_1_195' title='bbox 1081 2436 1208 2520; x_wconf 90' lang='lat' dir='ltr'>regibus</span> <span class='ocrx_word' id='word_1_196' title='bbox 1231 2439 1263 2502; x_wconf 87' lang='lat' dir='ltr'>et</span> <span class='ocrx_word' id='word_1_197' title='bbox 1284 2437 1431 2520; x_wconf 85' lang='lat' dir='ltr'>gentihus</span> 
     </span>
     <span class='ocr_line' id='line_1_23' title="bbox 191 2538 1429 2626; baseline 0.001 -22"><span class='ocrx_word' id='word_1_198' title='bbox 191 2540 432 2622; x_wconf 88' lang='lat' dir='ltr'>denunciarunt,</span> <span class='ocrx_word' id='word_1_199' title='bbox 456 2543 512 2608; x_wconf 83' lang='lat' dir='ltr'>luas</span> <span class='ocrx_word' id='word_1_200' title='bbox 535 2542 644 2609; x_wconf 90' lang='lat' dir='ltr'>deiude</span> <span class='ocrx_word' id='word_1_201' title='bbox 667 2538 781 2608; x_wconf 81' lang='lat' dir='ltr'>iteruin</span> <span class='ocrx_word' id='word_1_202' title='bbox 802 2543 977 2626; x_wconf 79' lang='lat' dir='ltr'>iterumque</span> <span class='ocrx_word' id='word_1_203' title='bbox 1000 2541 1250 2608; x_wconf 84' lang='lat' dir='ltr'>damnationibus</span> <span class='ocrx_word' id='word_1_204' title='bbox 1272 2542 1338 2606; x_wconf 88' lang='lat' dir='ltr'>suis</span> <span class='ocrx_word' id='word_1_205' title='bbox 1362 2560 1429 2624; x_wconf 88' lang='lat' dir='ltr'>per-</span> 
     </span>
     <span class='ocr_line' id='line_1_24' title="bbox 192 2645 1431 2732; baseline 0 -23"><span class='ocrx_word' id='word_1_206' title='bbox 192 2645 351 2724; x_wconf 78' lang='lat' dir='ltr'>culeruut3</span> <span class='ocrx_word' id='word_1_207' title='bbox 382 2665 478 2732; x_wconf 89' lang='lat' dir='ltr'>neque</span> <span class='ocrx_word' id='word_1_208' title='bbox 502 2648 567 2714; x_wconf 91' lang='lat' dir='ltr'>Nos</span> <span class='ocrx_word' id='word_1_209' title='bbox 596 2648 656 2732; x_wconf 91' lang='lat' dir='ltr'>ipsi</span> <span class='ocrx_word' id='word_1_210' title='bbox 686 2648 759 2714; x_wconf 90' lang='lat' dir='ltr'>huie</span> <span class='ocrx_word' id='word_1_211' title='bbox 790 2647 895 2714; x_wconf 85' lang='lat' dir='ltr'>ollicie</span> <span class='ocrx_word' id='word_1_212' title='bbox 921 2647 1084 2714; x_wconf 83' lang='lat' dir='ltr'>deluimus.</span> <span class='ocrx_word' id='word_1_213' title='bbox 1129 2647 1259 2712; x_wconf 89' lang='lat' dir='ltr'>Utinam</span> <span class='ocrx_word' id='word_1_214' title='bbox 1280 2645 1431 2729; x_wconf 76' lang='lat' dir='ltr'>supremis</span> 
     </span>
     <span class='ocr_line' id='line_1_25' title="bbox 191 2743 1430 2836; baseline -0.002 -20"><span class='ocrx_word' id='word_1_215' title='bbox 191 2743 348 2819; x_wconf 77' lang='lat' dir='ltr'>Ecclesiae</span> <span class='ocrx_word' id='word_1_216' title='bbox 370 2751 552 2817; x_wconf 81' lang='lat' dir='ltr'>Pectoribus</span> <span class='ocrx_word' id='word_1_217' title='bbox 581 2752 681 2836; x_wconf 88' lang='lat' dir='ltr'>maj0r</span> <span class='ocrx_word' id='word_1_218' title='bbox 711 2751 820 2818; x_wconf 87' lang='lat' dir='ltr'>habita</span> <span class='ocrx_word' id='word_1_219' title='bbox 848 2750 959 2818; x_wconf 86' lang='lat' dir='ltr'>luisset</span> <span class='ocrx_word' id='word_1_220' title='bbox 989 2751 1066 2817; x_wconf 90' lang='lat' dir='ltr'>fides</span> <span class='ocrx_word' id='word_1_221' title='bbox 1089 2751 1128 2816; x_wconf 88' lang='lat' dir='ltr'>ab</span> <span class='ocrx_word' id='word_1_222' title='bbox 1151 2750 1206 2829; x_wconf 94' lang='lat' dir='ltr'>iis,</span> <span class='ocrx_word' id='word_1_223' title='bbox 1237 2751 1289 2834; x_wconf 91' lang='lat' dir='ltr'>qui</span> <span class='ocrx_word' id='word_1_224' title='bbox 1314 2753 1430 2834; x_wconf 89' lang='lat' dir='ltr'>pestem</span> 
     </span>
    </p>
   </div>
   <div class='ocr_carea' id='block_1_5' title="bbox 63 2838 1432 2940">
    <p class='ocr_par' dir='ltr' id='par_1_6' title="bbox 63 2838 1432 2940">
     <span class='ocr_line' id='line_1_26' title="bbox 63 2838 1432 2940; baseline -0.004 -18"><span class='ocrx_word' id='word_1_225' title='bbox 63 2935 64 2938; x_wconf 8' lang='grc' dir='ltr'><strong>Ἴ</strong></span> <span class='ocrx_word' id='word_1_226' title='bbox 191 2861 256 2922; x_wconf 90' lang='lat' dir='ltr'>tam</span> <span class='ocrx_word' id='word_1_227' title='bbox 280 2857 440 2922; x_wconf 81' lang='lat' dir='ltr'>exitiosam</span> <span class='ocrx_word' id='word_1_228' title='bbox 470 2856 642 2940; x_wconf 88' lang='lat' dir='ltr'>potuissent</span> <span class='ocrx_word' id='word_1_229' title='bbox 671 2858 827 2923; x_wconf 87' lang='lat' dir='ltr'>avertere!</span> <span class='ocrx_word' id='word_1_230' title='bbox 861 2838 915 2921; x_wconf 73' lang='lat' dir='ltr'>At</span> <span class='ocrx_word' id='word_1_231' title='bbox 935 2856 991 2921; x_wconf 91' lang='lat' dir='ltr'>illa</span> <span class='ocrx_word' id='word_1_232' title='bbox 1021 2875 1076 2939; x_wconf 88' lang='lat' dir='ltr'>per</span> <span class='ocrx_word' id='word_1_233' title='bbox 1105 2856 1244 2922; x_wconf 87' lang='lat' dir='ltr'>sinuosos</span> <span class='ocrx_word' id='word_1_234' title='bbox 1275 2855 1432 2919; x_wconf 80' lang='lat' dir='ltr'>estractus</span> 
     </span>
    </p>
   </div>
   <div class='ocr_carea' id='block_1_6' title="bbox 189 2957 1433 3359">
    <p class='ocr_par' dir='ltr' id='par_1_7' title="bbox 189 2957 1433 3359">
     <span class='ocr_line' id='line_1_27' title="bbox 191 2957 1430 3044; baseline -0.002 -19"><span class='ocrx_word' id='word_1_235' title='bbox 191 2963 336 3044; x_wconf 88' lang='lat' dir='ltr'>irrepens,</span> <span class='ocrx_word' id='word_1_236' title='bbox 361 2980 451 3044; x_wconf 88' lang='lat' dir='ltr'>opera</span> <span class='ocrx_word' id='word_1_237' title='bbox 473 2980 632 3044; x_wconf 86' lang='lat' dir='ltr'>nunquam</span> <span class='ocrx_word' id='word_1_238' title='bbox 654 2961 843 3038; x_wconf 89' lang='lat' dir='ltr'>intermisso,</span> <span class='ocrx_word' id='word_1_239' title='bbox 865 2961 998 3026; x_wconf 85' lang='lat' dir='ltr'>uersutis</span> <span class='ocrx_word' id='word_1_240' title='bbox 1021 2960 1183 3026; x_wconf 84' lang='lat' dir='ltr'>fraudibus</span> <span class='ocrx_word' id='word_1_241' title='bbox 1206 2959 1322 3024; x_wconf 89' lang='lat' dir='ltr'>multos</span> <span class='ocrx_word' id='word_1_242' title='bbox 1347 2957 1430 3024; x_wconf 91' lang='lat' dir='ltr'>deci-</span> 
     </span>
     <span class='ocr_line' id='line_1_28' title="bbox 191 3063 1430 3153; baseline -0.003 -23"><span class='ocrx_word' id='word_1_243' title='bbox 191 3065 294 3150; x_wconf 83' lang='lat' dir='ltr'>piens,</span> <span class='ocrx_word' id='word_1_244' title='bbox 318 3085 353 3132; x_wconf 89' lang='lat' dir='ltr'>eo</span> <span class='ocrx_word' id='word_1_245' title='bbox 375 3065 501 3132; x_wconf 86' lang='lat' dir='ltr'>tandem</span> <span class='ocrx_word' id='word_1_246' title='bbox 525 3065 665 3148; x_wconf 85' lang='lat' dir='ltr'>devenit,</span> <span class='ocrx_word' id='word_1_247' title='bbox 689 3066 726 3131; x_wconf 86' lang='lat' dir='ltr'>ut</span> <span class='ocrx_word' id='word_1_248' title='bbox 748 3086 764 3132; x_wconf 89' lang='lat' dir='ltr'>e</span> <span class='ocrx_word' id='word_1_249' title='bbox 785 3065 916 3131; x_wconf 87' lang='lat' dir='ltr'>latebris</span> <span class='ocrx_word' id='word_1_250' title='bbox 931 3067 1004 3153; x_wconf 70' lang='lat' dir='ltr'>⁸sirie</span> <span class='ocrx_word' id='word_1_251' title='bbox 1027 3066 1220 3148; x_wconf 84' lang='lat' dir='ltr'>erumperet,</span> <span class='ocrx_word' id='word_1_252' title='bbox 1253 3081 1348 3146; x_wconf 90' lang='lat' dir='ltr'>seque</span> <span class='ocrx_word' id='word_1_253' title='bbox 1366 3063 1430 3146; x_wconf 89' lang='lat' dir='ltr'>jam</span> 
     </span>
     <span class='ocr_line' id='line_1_29' title="bbox 190 3165 1431 3254; baseline -0.006 -17"><span class='ocrx_word' id='word_1_254' title='bbox 190 3173 347 3254; x_wconf 88' lang='lat' dir='ltr'>potentem</span> <span class='ocrx_word' id='word_1_255' title='bbox 383 3169 602 3254; x_wconf 89' lang='lat' dir='ltr'>dominamque</span> <span class='ocrx_word' id='word_1_256' title='bbox 631 3170 778 3254; x_wconf 86' lang='lat' dir='ltr'>jactaret.</span> <span class='ocrx_word' id='word_1_257' title='bbox 823 3171 926 3236; x_wconf 75' lang='lat' dir='ltr'>dueta</span> <span class='ocrx_word' id='word_1_258' title='bbox 959 3169 990 3234; x_wconf 89' lang='lat' dir='ltr'>in</span> <span class='ocrx_word' id='word_1_259' title='bbox 1024 3171 1208 3234; x_wconf 87' lang='lat' dir='ltr'>immensum</span> <span class='ocrx_word' id='word_1_260' title='bbox 1243 3165 1431 3232; x_wconf 86' lang='lat' dir='ltr'>adleelorum</span> 
     </span>
     <span class='ocr_line' id='line_1_30' title="bbox 189 3273 1433 3359; baseline -0.004 -19"><span class='ocrx_word' id='word_1_261' title='bbox 189 3275 292 3353; x_wconf 87' lang='lat' dir='ltr'>turba,</span> <span class='ocrx_word' id='word_1_262' title='bbox 315 3276 428 3359; x_wconf 85' lang='lat' dir='ltr'>putant</span> <span class='ocrx_word' id='word_1_263' title='bbox 449 3275 562 3341; x_wconf 88' lang='lat' dir='ltr'>nelarii</span> <span class='ocrx_word' id='word_1_264' title='bbox 584 3273 633 3340; x_wconf 89' lang='lat' dir='ltr'>illi</span> <span class='ocrx_word' id='word_1_265' title='bbox 655 3277 762 3342; x_wconf 88' lang='lat' dir='ltr'>coetus</span> <span class='ocrx_word' id='word_1_266' title='bbox 780 3293 812 3340; x_wconf 93' lang='lat' dir='ltr'>se</span> <span class='ocrx_word' id='word_1_267' title='bbox 836 3274 900 3340; x_wconf 90' lang='lat' dir='ltr'>voti</span> <span class='ocrx_word' id='word_1_268' title='bbox 920 3275 987 3358; x_wconf 88' lang='lat' dir='ltr'>jam</span> <span class='ocrx_word' id='word_1_269' title='bbox 1010 3274 1167 3357; x_wconf 87' lang='lat' dir='ltr'>compotes</span> <span class='ocrx_word' id='word_1_270' title='bbox 1189 3273 1289 3338; x_wconf 86' lang='lat' dir='ltr'>laetos</span> <span class='ocrx_word' id='word_1_271' title='bbox 1311 3290 1349 3335; x_wconf 91' lang='lat' dir='ltr'>ac</span> <span class='ocrx_word' id='word_1_272' title='bbox 1373 3289 1433 3336; x_wconf 80' lang='lat' dir='ltr'>rue</span> 
     </span>
    </p>
   </div>
   <div class='ocr_carea' id='block_1_7' title="bbox 189 3374 1432 3464">
    <p class='ocr_par' dir='ltr' id='par_1_8' title="bbox 58 3374 1432 3464">
     <span class='ocr_line' id='line_1_31' title="bbox 189 3374 1432 3464; baseline -0.003 -21.381"><span class='ocrx_word' id='word_1_273' title='bbox 189 3383 255 3445; x_wconf 87' lang='lat' dir='ltr'>tam</span> <span class='ocrx_word' id='word_1_274' title='bbox 290 3379 510 3463; x_wconf 89' lang='lat' dir='ltr'>praestitutam</span> <span class='ocrx_word' id='word_1_275' title='bbox 545 3380 669 3445; x_wconf 88' lang='lat' dir='ltr'>tautum</span> <span class='ocrx_word' id='word_1_276' title='bbox 702 3399 762 3445; x_wconf 88' lang='lat' dir='ltr'>non</span> <span class='ocrx_word' id='word_1_277' title='bbox 796 3378 950 3464; x_wconf 85' lang='lat' dir='ltr'>attigisse.</span> <span class='ocrx_word' id='word_1_278' title='bbox 995 3379 1032 3442; x_wconf 91' lang='lat' dir='ltr'>ld</span> <span class='ocrx_word' id='word_1_279' title='bbox 1067 3376 1225 3462; x_wconf 86' lang='lat' dir='ltr'>assequuti</span> <span class='ocrx_word' id='word_1_280' title='bbox 1258 3374 1432 3458; x_wconf 87' lang='lat' dir='ltr'>aliqnando,</span> 
     </span>
    </p>
   </div>
   <div class='ocr_carea' id='block_1_8' title="bbox 190 3482 1433 3773">
    <p class='ocr_par' dir='ltr' id='par_1_9' title="bbox 190 3482 1433 3773">
     <span class='ocr_line' id='line_1_32' title="bbox 190 3482 1432 3569; baseline -0.006 -19"><span class='ocrx_word' id='word_1_281' title='bbox 190 3485 271 3569; x_wconf 82' lang='lat' dir='ltr'>quod</span> <span class='ocrx_word' id='word_1_282' title='bbox 294 3485 415 3550; x_wconf 91' lang='lat' dir='ltr'>tamdiu</span> <span class='ocrx_word' id='word_1_283' title='bbox 437 3484 644 3562; x_wconf 86' lang='lat' dir='ltr'>inhiaverant,</span> <span class='ocrx_word' id='word_1_284' title='bbox 668 3485 703 3549; x_wconf 92' lang='lat' dir='ltr'>ut</span> <span class='ocrx_word' id='word_1_285' title='bbox 726 3483 868 3567; x_wconf 84' lang='lat' dir='ltr'>pluribus</span> <span class='ocrx_word' id='word_1_286' title='bbox 882 3483 915 3548; x_wconf 89' lang='lat' dir='ltr'>in</span> <span class='ocrx_word' id='word_1_287' title='bbox 931 3482 1007 3548; x_wconf 91' lang='lat' dir='ltr'>loeis</span> <span class='ocrx_word' id='word_1_288' title='bbox 1030 3501 1132 3562; x_wconf 75' lang='lat' dir='ltr'>rerum</span> <span class='ocrx_word' id='word_1_289' title='bbox 1149 3499 1289 3548; x_wconf 86' lang='lat' dir='ltr'>summae</span> <span class='ocrx_word' id='word_1_290' title='bbox 1312 3499 1432 3564; x_wconf 89' lang='lat' dir='ltr'>praees-</span> 
     </span>
     <span class='ocr_line' id='line_1_33' title="bbox 190 3584 1433 3672; baseline -0.004 -19"><span class='ocrx_word' id='word_1_291' title='bbox 190 3591 276 3664; x_wconf 86' lang='lat' dir='ltr'>sent,</span> <span class='ocrx_word' id='word_1_292' title='bbox 307 3588 487 3672; x_wconf 87' lang='lat' dir='ltr'>comparata</span> <span class='ocrx_word' id='word_1_293' title='bbox 508 3587 568 3652; x_wconf 89' lang='lat' dir='ltr'>sibi</span> <span class='ocrx_word' id='word_1_294' title='bbox 590 3587 704 3653; x_wconf 87' lang='lat' dir='ltr'>uirium</span> <span class='ocrx_word' id='word_1_295' title='bbox 727 3588 760 3652; x_wconf 89' lang='lat' dir='ltr'>et</span> <span class='ocrx_word' id='word_1_296' title='bbox 781 3587 979 3652; x_wconf 88' lang='lat' dir='ltr'>auctoritatis</span> <span class='ocrx_word' id='word_1_297' title='bbox 1008 3584 1163 3670; x_wconf 87' lang='lat' dir='ltr'>praesidia</span> <span class='ocrx_word' id='word_1_298' title='bbox 1193 3603 1228 3650; x_wconf 95' lang='lat' dir='ltr'>eo</span> <span class='ocrx_word' id='word_1_299' title='bbox 1251 3585 1433 3651; x_wconf 85' lang='lat' dir='ltr'>conuertunt</span> 
     </span>
     <span class='ocr_line' id='line_1_34' title="bbox 190 3687 1432 3773; baseline -0.007 -14"><span class='ocrx_word' id='word_1_300' title='bbox 190 3693 346 3771; x_wconf 81' lang='lat' dir='ltr'>surdaster,</span> <span class='ocrx_word' id='word_1_301' title='bbox 369 3695 406 3756; x_wconf 88' lang='lat' dir='ltr'>ut</span> <span class='ocrx_word' id='word_1_302' title='bbox 422 3691 591 3756; x_wconf 82' lang='lat' dir='ltr'>Ecclesiam</span> <span class='ocrx_word' id='word_1_303' title='bbox 610 3690 667 3758; x_wconf 90' lang='lat' dir='ltr'>Dei</span> <span class='ocrx_word' id='word_1_304' title='bbox 689 3689 855 3756; x_wconf 87' lang='lat' dir='ltr'>durissimo</span> <span class='ocrx_word' id='word_1_305' title='bbox 878 3691 1055 3773; x_wconf 87' lang='lat' dir='ltr'>mancipent</span> <span class='ocrx_word' id='word_1_306' title='bbox 1075 3689 1210 3766; x_wconf 83' lang='lat' dir='ltr'>seruitio,</span> <span class='ocrx_word' id='word_1_307' title='bbox 1232 3687 1432 3754; x_wconf 78' lang='lat' dir='ltr'>fundamenta</span> 
     </span>
    </p>
   </div>
   <div class='ocr_carea' id='block_1_9' title="bbox 88 3789 1431 3879">
    <p class='ocr_par' dir='ltr' id='par_1_10' title="bbox 88 3789 1431 3879">
     <span class='ocr_line' id='line_1_35' title="bbox 88 3789 1431 3879; baseline -0.007 -15"><span class='ocrx_word' id='word_1_308' title='bbox 88 3867 89 3870; x_wconf 63' lang='grc'>,</span> <span class='ocrx_word' id='word_1_309' title='bbox 136 3789 137 3792; x_wconf 48' lang='lat'>&#39;</span> <span class='ocrx_word' id='word_1_310' title='bbox 189 3797 366 3863; x_wconf 84' lang='lat' dir='ltr'>convellant</span> <span class='ocrx_word' id='word_1_311' title='bbox 388 3796 500 3879; x_wconf 90' lang='lat' dir='ltr'>quihus</span> <span class='ocrx_word' id='word_1_312' title='bbox 522 3794 685 3875; x_wconf 90' lang='lat' dir='ltr'>inuititur,</span> <span class='ocrx_word' id='word_1_313' title='bbox 712 3793 833 3860; x_wconf 87' lang='lat' dir='ltr'>diuinas</span> <span class='ocrx_word' id='word_1_314' title='bbox 862 3796 1011 3860; x_wconf 88' lang='lat' dir='ltr'>conentur</span> <span class='ocrx_word' id='word_1_315' title='bbox 1033 3793 1201 3876; x_wconf 80' lang='lat' dir='ltr'>depravare</span> <span class='ocrx_word' id='word_1_316' title='bbox 1231 3794 1321 3857; x_wconf 89' lang='lat' dir='ltr'>notas</span> <span class='ocrx_word' id='word_1_317' title='bbox 1348 3791 1431 3876; x_wconf 83' lang='lat' dir='ltr'>queis</span> 
     </span>
    </p>
   </div>
   <div class='ocr_carea' id='block_1_10' title="bbox 188 3894 1431 4608">
    <p class='ocr_par' dir='ltr' id='par_1_11' title="bbox 188 3894 1431 4608">
     <span class='ocr_line' id='line_1_36' title="bbox 189 3894 1431 3985; baseline -0.006 -19"><span class='ocrx_word' id='word_1_318' title='bbox 189 3901 363 3985; x_wconf 81' lang='lat' dir='ltr'>praefulget</span> <span class='ocrx_word' id='word_1_319' title='bbox 395 3897 543 3984; x_wconf 88' lang='lat' dir='ltr'>insignis:</span> <span class='ocrx_word' id='word_1_320' title='bbox 578 3899 652 3984; x_wconf 89' lang='lat' dir='ltr'>quid</span> <span class='ocrx_word' id='word_1_321' title='bbox 674 3899 799 3964; x_wconf 78' lang='lat' dir='ltr'>multa?</span> <span class='ocrx_word' id='word_1_322' title='bbox 833 3898 933 3981; x_wconf 88' lang='lat' dir='ltr'>ipsam</span> <span class='ocrx_word' id='word_1_323' title='bbox 955 3897 1071 3964; x_wconf 89' lang='lat' dir='ltr'>crebris</span> <span class='ocrx_word' id='word_1_324' title='bbox 1101 3913 1281 3962; x_wconf 89' lang='lat' dir='ltr'>concussam</span> <span class='ocrx_word' id='word_1_325' title='bbox 1307 3894 1431 3971; x_wconf 88' lang='lat' dir='ltr'>ictibus,</span> 
     </span>
     <span class='ocr_line' id='line_1_37' title="bbox 190 3999 1431 4089; baseline -0.006 -19"><span class='ocrx_word' id='word_1_326' title='bbox 190 4005 373 4089; x_wconf 87' lang='lat' dir='ltr'>collapsam,</span> <span class='ocrx_word' id='word_1_327' title='bbox 404 4023 559 4083; x_wconf 87' lang='lat' dir='ltr'>eversam,</span> <span class='ocrx_word' id='word_1_328' title='bbox 583 4003 610 4069; x_wconf 90' lang='lat' dir='ltr'>si</span> <span class='ocrx_word' id='word_1_329' title='bbox 633 4003 701 4068; x_wconf 87' lang='lat' dir='ltr'>lieri</span> <span class='ocrx_word' id='word_1_330' title='bbox 723 4005 835 4087; x_wconf 85' lang='lat' dir='ltr'>possit,</span> <span class='ocrx_word' id='word_1_331' title='bbox 871 4021 906 4068; x_wconf 85' lang='lat' dir='ltr'>err</span> <span class='ocrx_word' id='word_1_332' title='bbox 929 4001 1001 4088; x_wconf 79' lang='lat' dir='ltr'>orbe</span> <span class='ocrx_word' id='word_1_333' title='bbox 1021 4001 1147 4084; x_wconf 86' lang='lat' dir='ltr'>penitus</span> <span class='ocrx_word' id='word_1_334' title='bbox 1170 3999 1302 4065; x_wconf 82' lang='lat' dir='ltr'>deleant.</span> <span class='ocrx_word' id='word_1_335' title='bbox 1349 3999 1431 4078; x_wconf 84' lang='lat' dir='ltr'>Quae</span> 
     </span>
     <span class='ocr_line' id='line_1_38' title="bbox 189 4102 1430 4189; baseline -0.007 -14"><span class='ocrx_word' id='word_1_336' title='bbox 189 4129 258 4175; x_wconf 92' lang='lat' dir='ltr'>cum</span> <span class='ocrx_word' id='word_1_337' title='bbox 282 4109 328 4174; x_wconf 88' lang='lat' dir='ltr'>ita</span> <span class='ocrx_word' id='word_1_338' title='bbox 350 4109 423 4186; x_wconf 91' lang='lat' dir='ltr'>sint,</span> <span class='ocrx_word' id='word_1_339' title='bbox 447 4107 648 4174; x_wconf 74' lang='lat' dir='ltr'>venerabiles</span> <span class='ocrx_word' id='word_1_340' title='bbox 669 4107 805 4185; x_wconf 81' lang='lat' dir='ltr'>Fratres,</span> <span class='ocrx_word' id='word_1_341' title='bbox 829 4107 952 4172; x_wconf 83' lang='lat' dir='ltr'>omnem</span> <span class='ocrx_word' id='word_1_342' title='bbox 975 4104 1121 4172; x_wconf 87' lang='lat' dir='ltr'>adhibete</span> <span class='ocrx_word' id='word_1_343' title='bbox 1144 4123 1268 4189; x_wconf 85' lang='lat' dir='ltr'>operam</span> <span class='ocrx_word' id='word_1_344' title='bbox 1294 4102 1430 4168; x_wconf 89' lang='lat' dir='ltr'>munien-</span> 
     </span>
     <span class='ocr_line' id='line_1_39' title="bbox 189 4207 1428 4294; baseline -0.008 -14"><span class='ocrx_word' id='word_1_345' title='bbox 189 4216 236 4281; x_wconf 89' lang='lat' dir='ltr'>dis</span> <span class='ocrx_word' id='word_1_346' title='bbox 259 4215 406 4282; x_wconf 82' lang='lat' dir='ltr'>adrersus</span> <span class='ocrx_word' id='word_1_347' title='bbox 430 4211 539 4278; x_wconf 87' lang='lat' dir='ltr'>harum</span> <span class='ocrx_word' id='word_1_348' title='bbox 563 4214 718 4278; x_wconf 86' lang='lat' dir='ltr'>sectarum</span> <span class='ocrx_word' id='word_1_349' title='bbox 741 4210 871 4278; x_wconf 88' lang='lat' dir='ltr'>insidias</span> <span class='ocrx_word' id='word_1_350' title='bbox 888 4213 920 4278; x_wconf 90' lang='lat' dir='ltr'>et</span> <span class='ocrx_word' id='word_1_351' title='bbox 936 4210 1151 4294; x_wconf 87' lang='lat' dir='ltr'>contagionem</span> <span class='ocrx_word' id='word_1_352' title='bbox 1173 4207 1318 4272; x_wconf 85' lang='lat' dir='ltr'>fidelibus</span> <span class='ocrx_word' id='word_1_353' title='bbox 1341 4225 1428 4272; x_wconf 85' lang='lat' dir='ltr'>curae</span> 
     </span>
     <span class='ocr_line' id='line_1_40' title="bbox 189 4310 1428 4398; baseline -0.006 -15"><span class='ocrx_word' id='word_1_354' title='bbox 189 4320 310 4384; x_wconf 87' lang='lat' dir='ltr'>restrae</span> <span class='ocrx_word' id='word_1_355' title='bbox 332 4315 522 4393; x_wconf 89' lang='lat' dir='ltr'>commissis,</span> <span class='ocrx_word' id='word_1_356' title='bbox 554 4314 678 4398; x_wconf 89' lang='lat' dir='ltr'>illisque</span> <span class='ocrx_word' id='word_1_357' title='bbox 699 4314 752 4398; x_wconf 90' lang='lat' dir='ltr'>qni</span> <span class='ocrx_word' id='word_1_358' title='bbox 776 4333 886 4380; x_wconf 89' lang='lat' dir='ltr'>nomen</span> <span class='ocrx_word' id='word_1_359' title='bbox 908 4314 1042 4380; x_wconf 87' lang='lat' dir='ltr'>infauste</span> <span class='ocrx_word' id='word_1_360' title='bbox 1064 4311 1209 4378; x_wconf 88' lang='lat' dir='ltr'>dederint</span> <span class='ocrx_word' id='word_1_361' title='bbox 1230 4310 1341 4376; x_wconf 90' lang='lat' dir='ltr'>iisdem</span> <span class='ocrx_word' id='word_1_362' title='bbox 1363 4330 1428 4376; x_wconf 91' lang='lat' dir='ltr'>sec·</span> 
     </span>
     <span class='ocr_line' id='line_1_41' title="bbox 188 4415 1429 4504; baseline -0.006 -17"><span class='ocrx_word' id='word_1_363' title='bbox 188 4422 247 4496; x_wconf 88' lang='lat' dir='ltr'>tis,</span> <span class='ocrx_word' id='word_1_364' title='bbox 270 4441 289 4486; x_wconf 92' lang='lat' dir='ltr'>a</span> <span class='ocrx_word' id='word_1_365' title='bbox 310 4421 481 4504; x_wconf 88' lang='lat' dir='ltr'>perditione</span> <span class='ocrx_word' id='word_1_366' title='bbox 511 4417 717 4484; x_wconf 87' lang='lat' dir='ltr'>retrahendis.</span> <span class='ocrx_word' id='word_1_367' title='bbox 763 4419 878 4484; x_wconf 80' lang='lat' dir='ltr'>Eorum</span> <span class='ocrx_word' id='word_1_368' title='bbox 910 4437 980 4483; x_wconf 87' lang='lat' dir='ltr'>rere</span> <span class='ocrx_word' id='word_1_369' title='bbox 1008 4417 1189 4501; x_wconf 88' lang='lat' dir='ltr'>praesertim</span> <span class='ocrx_word' id='word_1_370' title='bbox 1221 4415 1374 4480; x_wconf 84' lang='lat' dir='ltr'>ostendite</span> <span class='ocrx_word' id='word_1_371' title='bbox 1399 4417 1429 4480; x_wconf 90' lang='lat' dir='ltr'>et</span> 
     </span>
     <span class='ocr_line' id='line_1_42' title="bbox 189 4519 1429 4608; baseline -0.007 -19"><span class='ocrx_word' id='word_1_372' title='bbox 189 4527 363 4608; x_wconf 83' lang='lat' dir='ltr'>oppugnata</span> <span class='ocrx_word' id='word_1_373' title='bbox 386 4541 534 4602; x_wconf 78' lang='lat' dir='ltr'>errorem,</span> <span class='ocrx_word' id='word_1_374' title='bbox 552 4523 605 4604; x_wconf 92' lang='lat' dir='ltr'>qui</span> <span class='ocrx_word' id='word_1_375' title='bbox 628 4523 734 4587; x_wconf 86' lang='lat' dir='ltr'>dolrun</span> <span class='ocrx_word' id='word_1_376' title='bbox 750 4523 813 4587; x_wconf 88' lang='lat' dir='ltr'>sive</span> <span class='ocrx_word' id='word_1_377' title='bbox 830 4521 913 4605; x_wconf 89' lang='lat' dir='ltr'>possi</span> <span class='ocrx_word' id='word_1_378' title='bbox 935 4523 998 4588; x_wconf 88' lang='lat' dir='ltr'>sive</span> <span class='ocrx_word' id='word_1_379' title='bbox 1022 4522 1184 4587; x_wconf 87' lang='lat' dir='ltr'>molientes</span> <span class='ocrx_word' id='word_1_380' title='bbox 1207 4538 1266 4584; x_wconf 89' lang='lat' dir='ltr'>non</span> <span class='ocrx_word' id='word_1_381' title='bbox 1289 4519 1429 4585; x_wconf 83' lang='lat' dir='ltr'>narentur</span> 
     </span>
    </p>
   </div>
   <div class='ocr_carea' id='block_1_11' title="bbox 0 0 1500 4934">
    <p class='ocr_par' dir='ltr' id='par_1_12' title="bbox 0 0 1500 4934">
     <span class='ocr_line' id='line_1_43' title="bbox 0 0 1500 4934; baseline 0 0"><span class='ocrx_word' id='word_1_382' title='bbox 0 0 1500 4934; x_wconf 95' lang='lat' dir='ltr'> </span> 
     </span>
    </p>
   </div>
  </div>
 </body>
</html>
