3078 4934
271 233 273 236 Ι
328 159 380 218 Pii
405 161 464 218 PP.
483 161 536 218 IX.
555 161 679 232 Enrpsul.
698 163 725 218 d.
745 160 789 217 21.
807 108 989 217 Novembris
1008 159 1092 215 1873.
1270 140 1333 205 193

100 333 266 402 &limita
287 334 471 402 Germanici
493 335 629 418 Imperii
649 329 760 418 aperte
780 340 956 417 mamillam
971 354 1036 415 pro
1058 331 1149 400 coevis
1172 331 1238 397 illis
1260 329 1333 396 boe·

98 440 222 520 relisis,
244 441 354 522 quise
381 439 687 506 Veteres-cactaban
708 440 817 507 dieunt
845 457 901 523 per
923 435 1073 522 ejmmodi
1104 435 1237 501 nominis
1259 435 1335 501 abu-

99 543 229 622 sionem,
261 563 338 628 quae
359 543 491 610 ridicula
514 541 605 636 plane
627 542 725 624 foret,
755 542 816 610 nisi
842 544 890 608 tot
912 560 1030 608 errores
1055 541 1217 608 monstrosi
1244 539 1335 606 istius

98 650 196 714 sectae
219 647 367 714 adsersus
388 640 552 734 praecipua
574 647 746 715 catholicae
768 647 841 713 fidei
862 645 1024 732 principia,
1046 647 1095 710 tol
1116 643 1282 730 sacrilegia
1304 643 1336 708 in

99 773 130 819 re
151 752 257 820 divina
277 753 465 820 conficiendo
488 756 520 820 et
541 753 574 820 in
597 753 861 820 sacramentorum
884 750 1172 830 administratione,
1194 750 1243 815 tot
1264 767 1336 836 gra·

101 857 219 922 sissima
244 856 402 938 scandalo,
426 860 514 924 unta
536 857 661 925 demum
684 858 857 923 animarum
882 854 998 924 enrico
1020 855 1171 940 sanguino
1195 855 1336 938 redemp-

101 963 199 1026 turum
221 961 372 1046 pernicies
395 962 457 1028 vim
480 963 686 1058 lacrymarum
711 963 814 1048 potius
836 961 874 1027 nb
898 961 996 1028 oculis
1018 961 1233 1044 exprimerent.
1299 957 1301 962 ’

201 1067 242 1132 Et
265 1086 338 1134 sane
358 1067 431 1152 quid
455 1067 625 1134 moliantur
644 1087 681 1135 ac
703 1068 845 1152 spectent
874 1065 1049 1134 miserrimi
1070 1065 1126 1132 isti
1145 1064 1338 1147 perditionis

99 1169 174 1252 filii,
203 1169 375 1237 lucelenter
392 1177 502 1254 petent
527 1178 593 1238 trum
615 1193 654 1236 re
676 1172 752 1237 otiis
778 1191 884 1237 eorum
905 1169 1034 1251 scriptis
1055 1174 1122 1234 tuom
1142 1169 1279 1234 muniisse
1300 1187 1339 1232 cn

101 1275 192 1355 impio
214 1275 270 1342 illo
292 1281 321 1340 ei
341 1275 614 1357 impudentissimo
637 1275 719 1358 qood
739 1296 841 1356 nuper
863 1275 902 1341 ob
929 1293 963 1340 ec
985 1274 1144 1358 cubatum
1164 1274 1229 1355 fnit
1249 1291 1339 1355 quea

100 1379 160 1460 ipsi
181 1379 273 1446 medo
294 1379 615 1462 pseudoepiscopum
642 1378 705 1446 sibi
733 1379 968 1444 occalluerant.
1013 1376 1266 1461 Quandoquidem
1290 1375 1338 1440 in-

103 1481 242 1548 ficiantur
265 1502 302 1548 ac
332 1483 515 1567 pervertunt
540 1502 643 1550 veram
671 1481 898 1567 jurisdictionis
927 1484 1114 1568 potestatem
1142 1481 1172 1546 in
1204 1479 1341 1546 Ronrunc

102 1585 248 1652 Pontifice
272 1590 304 1652 et
319 1586 478 1672 Episcopis
500 1586 585 1652 beati
609 1585 694 1653 Patri
712 1588 744 1653 et
759 1587 976 1670 Apostolorum
1000 1585 1236 1664 suecessoribus,
1257 1602 1325 1650 eam

101 1709 157 1776 que
177 1691 216 1756 ad
232 1690 355 1776 plebem
373 1709 439 1770 seu,
461 1691 497 1756 nt
512 1690 611 1776 ajunt,
629 1690 674 1757 ad
691 1691 945 1758 communitatem
961 1690 1174 1768 transierunt3
1196 1688 1342 1773 rejiciunt

102 1795 269 1877 praefracte
293 1795 324 1860 et
347 1796 528 1880 oppugnant
550 1795 767 1880 magisterium
788 1795 956 1862 infallibile
983 1813 1053 1862 curu
1076 1794 1207 1860 Romani
1230 1792 1340 1860 Ponti-

103 1899 180 1978 ficis,
204 1901 272 1965 turn
297 1900 394 1966 totius
415 1900 573 1966 Ecclesiae
600 1901 761 1978 ducenties
790 1903 824 1967 et
845 1899 992 1966 adversus
1014 1899 1167 1984 Spiritum
1190 1896 1339 1964 Sanctum

104 2003 268 2070 aChristo
291 2004 476 2089 promissum
500 2004 658 2071 Ecclesiae
680 2007 717 2070 ut
739 2006 771 2070 in
794 2023 831 2071 ea
853 2005 993 2071 maneret
1013 2004 1047 2068 in
1070 2004 1241 2081 aetornum,
1265 2021 1342 2068 cursu

104 2108 468 2188 incredibili'aflirmant,
489 2109 663 2175 Romanum
687 2107 889 2188 Pontificem,
912 2126 968 2176 nce
991 2127 1050 2176 non
1073 2108 1232 2174 universos
1253 2106 1342 2192 Epis-

104 2231 201 2296 copoe,
234 2213 412 2280 secerdotes
443 2215 475 2280 et
497 2215 624 2298 populos
658 2215 781 2280 unitate
811 2213 883 2280 tidei
905 2216 938 2280 et
967 2211 1191 2280 communionis
1214 2231 1284 2277 cnm
1308 2229 1343 2275 eo

104 2319 280 2402 conjunctos
302 2323 336 2384 in
359 2318 509 2384 haeresim
529 2319 811 2408 ,nundinantium
835 2317 1029 2386 definitiones
1050 2316 1238 2386 oecumenici
1263 2316 1343 2382 Cou-

105 2420 163 2486 cilii
185 2423 330 2490 Vaticani
354 2425 521 2488 sonnerunt
544 2425 576 2488 et
598 2423 727 2507 prolessi
749 2425 832 2490 snnt.
880 2421 1048 2506 Eapropter
1070 2420 1227 2506 denegant
1248 2420 1341 2486 etiam

107 2525 407 2594 indefectibilitatem
436 2527 611 2606 Ecclesiae,
646 2526 896 2611 blasphemantes
927 2527 1026 2610 ipsam
1056 2526 1087 2591 in
1118 2527 1184 2592 tuto
1215 2523 1350 2610 periisse

106 2631 231 2711 mundo,
265 2631 451 2716 proindeque
481 2631 602 2698 visibile
628 2632 694 2716 ejus
724 2632 825 2716 Caput
851 2633 884 2697 ct
913 2629 1079 2715 Episcopus
1107 2630 1272 2697 defecisse:
1307 2649 1341 2696 ex

105 2737 240 2817 quesibi
264 2737 368 2804 lerunt
392 2737 609 2804 necessitatem
633 2737 812 2823 impositam
842 2736 977 2822 legitimi
1007 2735 1199 2822 episcopatus
1221 2736 1342 2802 instan-

105 2840 188 2906 rundi
210 2842 243 2908 in
269 2846 324 2908 sno
346 2840 627 2925 pseudo-episcopo,
651 2831 703 2926 q'ni
720 2861 779 2907 non
795 2859 849 2926 per·
872 2841 985 2906 ostium
1009 2840 1061 2906 sed
1084 2839 1209 2906 aliunde
1231 2857 1341 2906 ascen

107 2941 184 3024 dens,
209 2947 257 3014 uti
279 2948 330 3010 tur
352 2947 384 3011 et
406 2945 496 3024 latro,
520 2945 552 3010 in
568 2965 657 3010 surrrn
681 2944 746 3028 ipse
769 2949 862 3030 caput
878 2944 994 3011 curisti
1017 2945 1247 3011 damnationem
1271 2961 1343 3008 con-

107 3050 204 3114 uertit.

203 3155 413 3220 Nibilusecins
435 3153 574 3220 intelices
596 3153 667 3232 isti,
690 3153 743 3238 qui
766 3153 937 3220 cellrolicee
961 3152 1119 3238 religionis
1142 3153 1343 3218 fundamento

108 3255 287 3340 suffodiunt,
319 3260 372 3345 qni
396 3259 485 3325 notas
510 3258 576 3343 ejus
599 3277 704 3324 omnes
727 3261 760 3324 et
782 3259 985 3343 proprietates
1008 3257 1168 3336 evertunt,
1198 3253 1250 3340 qni
1278 3257 1343 3321 tenu

109 3359 206 3428 tuedo·
228 3365 261 3429 et
283 3363 473 3448 multiplices
497 3363 664 3430 comnrenti
688 3364 761 3428 sunt
784 3382 916 3442 errores,
947 3381 1001 3428 seu
1024 3361 1127 3446 potins
1149 3361 1345 3444 depromptos

109 3467 232 3532 enetmi
256 3467 481 3534 baereticorum
505 3487 584 3551 pann
608 3468 640 3532 et
655 3467 749 3532 mmul
773 3467 918 3533 collectos
934 3467 965 3532 in
981 3464 1116 3532 medinm
1139 3465 1344 3549 protulerunt,

110 3565 230 3638 minime
262 3573 503 3638 erubescentes
534 3570 701 3637 cellrolicns
729 3571 903 3649 dicere,.et
924 3569 1238 3649 veteres-carnotens,
1272 3569 1343 3634 dnm

111 3669 262 3757 doctrina,
291 3678 429 3743 novitate
459 3678 492 3742 et
524 3695 651 3742 numero
682 3695 736 3742 ruo
758 3677 923 3760 utramque
947 3695 966 3740 a
988 3693 1020 3740 se
1043 3675 1209 3741 vetustatis
1239 3677 1271 3742 et
1292 3693 1345 3739 cu·

110 3773 290 3846 tholicitatis
327 3782 433 3847 notam
463 3799 554 3864 quarn
591 3781 724 3846 maxime
765 3780 956 3864 abjudicant.
1005 3778 1123 3845 Potiori
1164 3780 1246 3844 carte
1276 3777 1346 3862 jure

114 3877 253 3948 aduersus
266 3882 351 3964 ,istor
375 3904 468 3969 qnam
491 3885 565 3951 olim
588 3905 642 3969 por
664 3885 877 3970 Arrguslinum
901 3862 1007 3950 contra
1030 3883 1235 3961 Donatian0s‚
1258 3900 1347 3948 erur-

114 3981 159 4063 git
179 3984 318 4052 Ecclesia
340 3989 372 4053 in
395 4007 501 4055 omncs
524 3989 637 4055 diffusa
658 3989 778 4074 gentes,
803 3988 897 4074 quam
921 3988 1063 4054 Glrristus
1085 3987 1184 4052 Filius
1205 3986 1347 4080 Deiuivi

114 4085 281 4157 aedificavit
303 4111 393 4176 snper
415 4094 553 4178 petram3
576 4092 723 4158 adversus
745 4112 839 4178 quam
862 4095 968 4179 portae
992 4091 1082 4158 inferi
1105 4110 1165 4157 non
1187 4091 1347 4176 praeuale-

114 4185 206 4272 bnnt3
229 4197 261 4260 et
288 4215 419 4280 quacum
443 4197 530 4282 lpse,
567 4197 618 4262 cni
640 4197 715 4264 duta
737 4201 786 4263 est
813 4197 913 4264 omnis
940 4199 1078 4283 potestas
1100 4197 1133 4262 in
1156 4197 1241 4264 caclo
1260 4188 1295 4262 'et
1317 4197 1347 4262 in

114 4291 202 4374 terra,
223 4317 255 4365 se
278 4318 344 4366 esse
367 4300 446 4366 dixit
465 4301 609 4372 erunibus
638 4301 748 4368 diebus
771 4302 929 4387 usquead
959 4301 1256 4369 consummationem
1280 4320 1349 4368 suc·

115 4397 181 4464 curli.
227 4403 369 4474 rOlsmat
391 4405 528 4472 Ecclesia
552 4406 590 4474 ed
614 4425 756 4491 sponsum
781 4427 871 4474 surum
896 4409 1073 4474 subsrnum:
1097 4406 1170 4490 quid
1186 4409 1244 4484 est,
1267 4406 1348 4489 quod

119 4503 231 4571 »urascio
253 4509 306 4592 qni
329 4508 508 4576 recedentes
531 4530 550 4576 a
572 4529 621 4576 me
644 4513 841 4577 murmurant
862 4511 971 4577 contra
994 4512 1065 4576 orei
1095 4509 1176 4592 Quid
1200 4512 1247 4576 est
1270 4511 1348 4593 quod

144 4615 232 4662 Arelrlv
247 4619 286 4666 fiir
304 4620 490 4669 liirelrenreelrt.
508 4621 600 4669 XXXI,
1106 4617 1142 4682 13
1253 4665 1255 4668 -
