3002 4924
556 693 558 698 ·
678 651 771 734 xxv.
890 663 894 669 '

294 811 564 911 ,Enlsobaidunp
591 810 655 890 der
683 809 880 891 rtmbcten
906 807 1154 896 l’tnitentiaria

128 978 205 1044 atbar
227 978 586 1061 damnandaeque
608 969 999 1060 Quiapucnaalfaouitdien
1022 995 1087 1058 pro
1107 973 1181 1057 foro
1201 977 1324 1057 interam

400 1083 448 1149 bei
469 1081 732 1150 concurrtrcaden
754 1079 1053 1147 Ebeliaderm'sem.

123 1267 125 1272 ⁴
264 1255 517 1322 Eminentissime
540 1275 577 1322 aa
597 1253 865 1322 Reverendissime
888 1251 1035 1319 Domine!

214 1393 383 1480 Exponitur
399 1395 560 1462 humiliter
571 1395 765 1460 Eminentius
776 1395 907 1460 Vestrae
919 1393 1032 1461 Itmee:
1055 1395 1231 1464 Parochum
1242 1351 1351 1483 postu·

111 1502 193 1568 lasse
216 1500 394 1594 latinitatem
419 1499 618 1583 dispensandi
639 1519 709 1565 cum
725 1499 820 1564 Lucio
845 1497 1042 1582 nupturienta
1057 1515 1149 1582 super
1165 1499 1281 1585 duplici
1296 1523 1349 1570 oc·

112 1605 196 1670 culto
218 1604 439 1688 impedimento
461 1603 561 1668 Primi
576 1601 753 1670 Affinitatis
776 1601 892 1688 gratim
915 1621 951 1666 ex
966 1601 1082 1685 copulis
1104 1601 1224 1670 illicitis
1245 1627 1353 1690 preve-

112 1708 238 1785 nientis,
261 1726 337 1791 quas
359 1706 439 1773 idem
464 1707 578 1772 Lucius
601 1709 669 1773 tum
692 1727 762 1772 cum
784 1708 894 1785 matre,
918 1708 985 1770 tum
1008 1713 1202 1774 cumeorum
1224 1727 1353 1792 sponsae

112 1829 188 1879 suae
203 1811 323 1878 habuit.
348 1809 450 1892 Quum
473 1813 576 1879 omnia
595 1813 662 1896 jam
678 1813 788 1894 parata
811 1812 915 1877 essent
937 1810 977 1875 ad
991 1810 1115 1894 nuptias
1139 1811 1171 1877 et
1191 1815 1353 1882 matrimo-

112 1918 217 1996 nium,
251 1932 347 2000 usque
381 1915 455 1980 dum
482 1915 520 1979 ab
543 1914 720 1998 apostolica
742 1913 820 1980 Sede
854 1913 986 1979 obtineri
1021 1915 1122 1998 posset
1155 1901 1352 2000 dispensatio,

114 2021 230 2105 absque
251 2019 387 2103 periculo
409 2019 515 2104 gravis
538 2017 674 2084 scandali
699 2017 816 2083 differri
839 2036 899 2084 aron
921 2017 1093 2100 potuisset,
1120 2019 1227 2103 vigore
1249 2021 1352 2089 facul·

114 2125 216 2190 tatum
244 2123 525 2206 Quinquennalinm
560 2121 744 2204 dispensavi.
789 2121 862 2188 Jam
895 2138 966 2187 vero
999 2122 1102 2188 ertum
1134 2123 1182 2187 est
1215 2122 1354 2207 dubium,

116 2248 189 2293 num
213 2227 315 2292 valide
336 2225 550 2310 dispensatum
572 2225 687 2301 fuerit,
722 2225 796 2290 licet
819 2223 931 2307 duplex
952 2224 1128 2290 Affinitatis
1151 2225 1356 2312 impedimen·

115 2333 186 2398 tum
208 2331 390 2398 obstitisset.
436 2330 569 2396 Etiamsi
592 2327 726 2396 rationes
759 2349 819 2393 non
854 2328 977 2406 desint,
1012 2347 1091 2412 quac
1113 2346 1167 2412 pro
1190 2333 1356 2401 validitate

117 2439 207 2502 actus
229 2435 382 2502 militent:
406 2434 486 2519 quod
511 2435 656 2526 nimirum
680 2435 731 2500 bic
754 2435 866 2518 agatur
882 2431 920 2498 de
939 2433 1011 2522 foro¹
1025 2433 1157 2512 interno,
1180 2425 1233 2502 ub'i
1256 2456 1355 2522 casae,

117 2538 282 2624 inquibus
304 2539 394 2624 plura
415 2539 638 2624 impedimenta
662 2538 865 2615 concurrunt,
897 2556 956 2602 non
978 2555 1014 2602 ex
1036 2556 1133 2620 aequo
1156 2558 1192 2604 aa
1213 2561 1268 2625 pro
1291 2544 1356 2611 foro

120 2646 244 2708 externo
267 2643 416 2709 reservati
447 2662 512 2708 csse
535 2643 696 2720 videntum
731 2643 763 2708 et
784 2641 865 2726 qnod
889 2661 924 2707 en
946 2642 1012 2726 ipsc
1034 2642 1139 2708 teuom
1169 2645 1356 2716 facultatum

120 2746 401 2830 Quinquennalium
435 2747 541 2832 colligi
574 2759 663 2831 posse
697 2745 840 2824 videtur,
875 2764 1050 2812 concessam
1072 2749 1139 2812 'esse
1171 2749 1356 2834 potestatem

120 2850 320 2934 dispensandi
341 2871 401 2916 non
424 2849 522 2917 solum
558 2871 649 2936 super
683 2850 803 2917 occulto
824 2847 999 2940 affinitatis
1031 2849 1273 2934 impedimento,
1304 2855 1358 2922 sed
1480 2845 1483 2850 ’

121 2955 216 3019 etiam
240 2973 331 3038 super
363 2955 614 3020 concurrentibus
648 2954 799 3020 eiusmodi
832 2953 1082 3037 impedimentis,
1115 2973 1209 3038 quum
1242 2957 1358 3025 ibidem

121 3075 260 3142 expresse
292 3057 452 3144 impertita
482 3057 659 3123 declaratur
687 3056 821 3122 facultas
855 3055 1051 3141 dispensandi
1083 3076 1174 3143 super
1208 3062 1359 3145 ›impedi-

120 3164 232 3230 menas
255 3162 428 3228 affinitatis
451 3181 487 3226 en
510 3161 619 3244 copula
641 3160 753 3227 illicita
775 3161 870 3226 ctiam
892 3158 924 3224 in
947 3161 1153 3227 matrimoniis
1172 3165 1360 3234 'contrahen-

121 3267 206 3344 dis;‹
234 3305 272 3314 -
296 3267 380 3346 lieet,
404 3266 540 3352 inquam,
568 3285 604 3332 ax
628 3265 711 3330 hisce
734 3265 906 3330 rationibus
928 3264 1074 3332 validitas
1097 3268 1184 3332 aetus
1205 3271 1360 3351 praesumi

120 3371 238 3456 possit,
272 3373 377 3436 tamen
402 3370 552 3436 tutiorem
574 3373 694 3453 partem
724 3368 840 3453 eligens
864 3368 1024 3434 humiliter
1053 3389 1128 3455 rogo
1150 3371 1358 3442 Eminentiam

123 3475 277 3552 Vestram,
300 3476 336 3541 ut
352 3473 571 3558 benignissime
595 3472 752 3540 declarare
775 3473 865 3552 velit,
889 3492 964 3537 num
986 3473 1018 3537 in
1041 3473 1215 3541 huiusmodi
1239 3477 1361 3545 casibus

120 3579 282 3664 praefatae
303 3578 470 3644 facultates
494 3576 743 3661 Quinquennales
776 3577 878 3644 valido
911 3576 1054 3643 adhiberi
1086 3580 1206 3662 possint
1228 3601 1283 3647 nec
1305 3603 1361 3662 ne;

122 3685 156 3749 et
176 3681 210 3747 in
234 3699 309 3746 casu
331 3683 493 3767 negativa,
528 3685 563 3746 ut
586 3681 841 3761 matrimonium,
874 3681 955 3766 quod
978 3681 1080 3746 dictus
1101 3683 1214 3749 Lucius
1236 3684 1360 3755 interim
1480 3667 1483 3672 λ

69 3797 74 3804 “
122 3786 287 3864 contraxit,
310 3786 342 3852 in
365 3787 469 3853 radice
491 3805 601 3852 sanare
622 3787 706 3853 velit.
741 3787 801 3851 Pro
823 3805 885 3870 qua
907 3785 1011 3871 gratia
1033 3787 1090 3852 etc.

122 3943 234 4008 Emmo
257 3960 293 4007 ao
315 3941 394 4006 Rmo
419 3940 552 4006 Domino

123 4046 194 4112 Duc
217 4044 248 4113 S.
271 4046 309 4113 R.
332 4045 368 4111 lt.
396 4043 553 4110 Cardinali

145 4149 389 4216 Paenitentiamo
413 4149 526 4234 Majori

332 4254 473 4321 Romam.
581 4267 584 4274 ’

592 4441 902 4454 -μ--υ--ιι-ιι--ιη
