2990 4934
263 157 425 229 Schodrep.
453 157 520 216 Das
539 159 687 218 Stadium
703 161 755 216 des
774 157 1011 218 Kircbenrecbts
1028 165 1065 217 ica
1082 161 1175 218 Rom,
1272 132 1335 210 227

601 332 821 418 Species.

173 432 322 518 -Species
343 434 436 519 hujus
459 435 638 520 capitis-sic
661 437 816 504 efformari
837 438 956 522 potest:
1135 523 1137 528 ι

195 537 457 624 Archiepiscopus
489 541 617 624 quidam
652 561 687 608 cx
721 543 859 608 Romam
895 543 1045 609 Pontifice
1080 543 1252 612 Goelestino
1274 543 1334 614 Ill.

76 643 284 725 quaesierat,
318 646 421 710 utrum
445 644 504 710 sibi
528 646 640 722 liceat,
670 664 702 710 se
725 664 815 711 suum
846 645 943 729 ipsius
966 646 1096 730 pallium
1118 648 1210 714 alteri
1232 648 1336 714 archi·

78 746 237 831 episcopo
259 749 475 815 commodare?
508 749 699 816 coelestinus
722 749 779 816 ΙΙΙ.
803 737 1009 834 'respondebat
1038 753 1197 836 negative,
1231 751 1336 818 dicens

79 870 146 916 non
170 871 247 918 esse
269 855 469 933 couveniens,
491 856 529 918 ut
550 855 681 938 pallium
703 853 861 939 proprium
881 855 974 923 alteri
1004 851 1233 938 commodetur,
1264 876 1336 923 cum

78 957 223 1039 pallium
247 975 409 1040 personam
432 977 492 1024 non
522 959 679 1040 transeat,
709 959 763 1024 sed
787 976 938 1044 quemque
961 979 1032 1026 eum
1054 980 1089 1026 eo
1111 960 1335 1044 postmortem

78 1061 218 1145 sepeliri
242 1061 361 1156 dehere.
655 1049 656 1054 ¹

192 1161 284 1231 Haec
306 1166 467 1232 Pontificis
489 1167 645 1250 responsio
668 1166 744 1232 diras
767 1167 864 1234 habet
885 1167 1007 1252 partes:
1033 1169 1061 1233 1.
1084 1167 1166 1234 onim
1188 1168 1274 1248 vult,
1296 1186 1335 1233 ue

79 1269 167 1334 alius
202 1269 453 1353 archiepiscopus
472 1270 539 1347 „alii
567 1271 697 1354 pallium
719 1289 808 1336 suum
841 1270 1028 1349 commodet3
1062 1273 1093 1337 2.
1120 1271 1266 1356 imperat,
1299 1273 1336 1337 ut

79 1369 302 1457 unusquisque
334 1373 583 1458 archiepiscopus
611 1393 681 1440 curn
712 1393 768 1442 suo
795 1375 892 1460 ipsius
915 1375 1012 1458 pallio
1041 1376 1263 1460 postmortem
1287 1395 1335 1442 sc-

79 1477 236 1559 psliatur.
555 1539 559 1544 .

194 1579 314 1648 Contra
330 1581 410 1647 hanc
426 1581 593 1648 Coclestini
605 1581 665 1650 Ill.
682 1581 866 1649 decisionem
879 1586 1042 1668 sequentes
1053 1583 1184 1669 proferri
1195 1583 1334 1668 possunt.

464 1685 677 1753 Rationes
707 1686 959 1754 dubitandi:

191 1787 223 1854 1.
253 1785 367 1853 Contra
389 1789 524 1871 primam
544 1789 706 1856 decisionis
728 1793 849 1874 partem
873 1791 967 1876 objici
989 1790 1108 1875 potest:
1220 1791 1223 1798 ’

194 1893 224 1958 1.
249 1891 283 1958 Si
297 1911 346 1958 res
368 1893 500 1976 picimus
523 1894 680 1961 dationem
703 1893 792 1979 pallii
815 1896 913 1979 ipsam
936 1895 1137 1976 inveniemus,
1161 1895 1330 1980 archiepis-

80 2013 158 2079 copo
182 1997 316 2080 pallium
332 1997 398 2062 dari
413 1997 446 2062 in
468 1988 700 2082 possessionem,
724 1999 786 2064 inno
802 2019 873 2066 vero
887 2000 920 2064 in
935 1999 1125 2092 dominium;
1149 2019 1220 2066 curn
1242 2019 1332 2085 porro

83 2103 195 2167 omnes
220 2121 270 2168 res
293 2121 371 2186 quae
388 2103 421 2167 in
437 2106 541 2170 nostro
564 2103 699 2170 dominio
722 2106 805 2182 sunt,
828 2123 968 2188 quaeque
989 2105 1120 2171 mobiles
1142 2105 1225 2183 sunt,
1249 2121 1332 2168 eom-

81 2205 208 2271 modari
233 2207 380 2290 possunt,
412 2208 484 2273 hino
506 2208 622 2292 injuste
644 2207 680 2273 R.
704 2208 795 2274 Pont.
819 2201 991 2293 prohibuit,
1015 2208 1178 2291 quominus
1200 2208 1332 2292 pallium

82 2329 145 2392 qua
168 2329 222 2377 res
245 2312 369 2377 mobilis
392 2313 614 2378 commodetur.
649 2313 808 2378 Firmatnr
829 2312 907 2378 hacc
929 2313 1010 2378 ratio
1030 2312 1194 2378 dubitandi
1217 2332 1253 2378 ex
1275 2331 1330 2378 ra·

80 2413 138 2478 riis
158 2414 244 2500 J'urie
265 2415 359 2482 locis:
382 2416 428 2482 ’nx
449 2417 519 2501 lege
541 2418 570 2482 3.
594 2416 624 2500 ᾖ.
645 2416 703 2482 ult.
727 2416 758 2482 h.
782 2415 924 2482 docetur:
959 2417 1048 2483 »Non
1070 2419 1174 2501 potest
1196 2433 1332 2504 commo·

82 2517 153 2584 dari
177 2519 225 2599 id,
248 2519 329 2603 quod
345 2539 403 2586 usu
419 2520 621 2600 consumitur,
644 2519 705 2585 nisi
726 2520 806 2586 forts
823 2519 863 2586 ad
884 2539 1029 2604 pompam
1050 2519 1099 2586 vel
1124 2519 1329 2588 ostensionem

82 2623 153 2706 quis
177 2623 343 2708 accipiat«
478 2679 484 2689 .

188 2727 291 2812 Atqui
305 2729 436 2812 pallium
453 2728 550 2796 semel
572 2730 696 2795 tantum
719 2727 947 2794 commodatum
969 2747 1028 2793 usu
1045 2747 1105 2794 non
1127 2727 1330 2807 consumitur,
1425 2769 1427 2775 .

82 2828 146 2896 imo
168 2851 244 2898 voro
267 2833 365 2898 servit
385 2826 418 2897 in
441 2851 586 2918 pompam
609 2837 641 2900 et
662 2835 870 2900 ostensionem
892 2833 925 2898 in
947 2832 1105 2900 solemniis
1126 2830 1328 2912 celebrandis,

83 2951 156 3019 ergo
179 2937 248 3002 siue
271 2935 365 3003 dubio
388 2937 576 3002 commodari
598 2939 712 3021 potest.

187 3040 320 3105 Praeter
335 3040 418 3106 hunc
436 3039 538 3106 locum
561 3043 662 3107 exstat
678 3042 727 3108 lex
742 3043 772 3108 8.
789 3042 818 3108 h.
835 3043 858 3108 t.
874 3041 906 3106 h.
922 3039 977 3106 ubi
993 3040 1121 3106 dicitur:
1148 3039 1225 3105 »Rei
1245 3058 1328 3105 com·

83 3142 229 3210 medates
251 3133 284 3210 et
298 3144 522 3228 possessionem
536 3146 568 3210 et
582 3145 803 3229 proprietatem
825 3145 1005 3227 retinemus,
1029 3146 1070 3224 et,
1093 3147 1131 3209 ut
1152 3145 1185 3208 in
1205 3144 1275 3228 logo
1297 3143 1327 3208 9.

83 3244 113 3311 h.
129 3249 154 3314 t.
168 3249 201 3315 li.
225 3248 436 3332 prosequitur;
463 3268 571 3315 »nemo
588 3249 809 3316 commodando
832 3269 897 3315 rem
919 3249 997 3314 iacit
1018 3248 1095 3332 ejus,
1119 3249 1169 3313 cui
1192 3265 1332 3312 commo·

84 3349 167 3416 dat«
194 3351 276 3433 Quid
289 3353 387 3438 igitur
398 3352 538 3436 impedit,
551 3354 714 3437 quominus
725 3373 804 3418 unus
820 3353 1077 3438 Archiepiscopus
1089 3369 1179 3416 suum
1196 3350 1325 3436 pallium

84 3455 258 3523 commodet
278 3456 380 3536 alteri,
404 3459 586 3540 praesertim
607 3477 677 3524 cum
698 3460 917 3543 proprietatem
934 3458 967 3522 ct
982 3456 1153 3522 dominium
1167 3453 1327 3522 retineat?

186 3559 276 3642 Quod
297 3560 396 3646 igitur
415 3561 485 3646 jure
507 3561 592 3628 ciuili
614 3562 767 3641 firmatur,
791 3581 850 3628 non
872 3561 976 3627 minus
999 3560 1072 3646 juro
1092 3559 1237 3627 canonico
1259 3577 1326 3624 cor·

84 3661 259 3731 roboratur.
563 3731 567 3740 ,
1297 3679 1308 3687 ·

187 3768 269 3834 Nam
284 3769 403 3854 regula
425 3770 683 3856 quinquagesima
705 3769 806 3855 prima
826 3766 905 3856 juris
928 3788 995 3836 can.
1019 3769 1053 3834 in
1075 3768 1129 3835 VI.
1153 3767 1199 3834 sic
1220 3766 1324 3832 sonat:

88 3867 208 3939 »Semel
230 3873 295 3940 Deo
324 3874 464 3940 dicatum
487 3877 618 3941 nonest
641 3876 681 3941 ad
705 3893 778 3941 usus
807 3876 957 3941 humanos
983 3873 1115 3939 ulterius
1138 3871 1326 3938 tansferen-

87 3971 185 4041 danr.‹
223 3977 321 4063 Atqui
344 3979 370 4043 si
393 3998 472 4044 unus
500 3979 756 4064 archiepiscopus
779 3979 871 4046 alteri
890 3978 1067 4045 commodat
1089 3995 1179 4042 suum
1195 3974 1325 4061 pallium

3 4145 5 4150 ,
91 4075 128 4140 ad
152 4081 334 4148 celebranda
356 4083 558 4166 pontificalia,
582 4103 641 4150 non
664 4084 852 4150 transfertur
873 4083 913 4148 ad
934 4101 1010 4148 usus
1032 4081 1193 4158 humanoa
1216 4077 1270 4145 sed
1292 4077 1324 4143 in

87 4175 143 4245 Dei
165 4185 296 4252 Maximi
318 4187 455 4265 cultnm3
479 4207 552 4272 ergo
575 4188 684 4254 licebit
705 4189 733 4253 ei
757 4187 953 4254 commodare
973 4185 1107 4271 pallium
1129 4203 1229 4250 suum.

187 4288 349 4378 Supposito
373 4291 479 4371 etam,
500 4291 582 4357 hano
597 4292 736 4377 regalem
751 4292 832 4376 juris
847 4310 953 4358 canon.
972 4309 1031 4356 non
1047 4289 1170 4355 firmans
1186 4288 1323 4354 nostram

90 4383 297 4472 objectionem,
320 4395 426 4458 tamon
448 4393 555 4461 stabit.
1127 4417 1129 4422 ·

186 4493 266 4562 Nam
288 4497 398 4600 regula
421 4497 521 4577 valet,
550 4496 681 4582 quodsi
701 4497 754 4582 jus
776 4498 958 4564 canonicum
985 4496 1065 4562 nihil
1094 4494 1172 4639 dicit
1193 4493 1231 4558 de
1254 4511 1323 4556 ma-

1045 4601 1085 4666 15
