3002 4924
205 185 268 249 388
478 197 601 270 Rumpf.
636 199 693 254 Da'c
711 199 926 270 biacbltflv'clrerr
949 197 1167 256 visitationes.

123 439 124 442 ,
195 393 241 440 'ac
263 371 457 439 rationabilis
479 390 572 436 causa
595 372 757 454 exstiterit,
781 390 851 438 cum
883 372 1015 438 caritate
1045 343 1238 438 moderatum
1261 369 1302 435 ab
1321 369 1363 435 eis
1381 390 1425 436 vs·

203 480 292 545 leant
314 477 463 543 auxilinm
485 477 649 561 postulare.
694 477 796 559 Quaem
820 477 901 543 euim
925 477 1012 544 dicet
1032 475 1215 560 Apostolus:
1238 475 1308 540 Nou
1330 475 1428 542 labent

205 581 261 648 ulii
285 581 494 647 thesaurisare
517 580 717 665 parentibus,
751 581 804 646 scd
838 584 982 665 parentes
1015 579 1110 660 filiis,
1143 581 1279 646 multum
1312 579 1429 663 longea

204 691 332 772 paterna
354 685 471 770 pietate
493 684 626 762 videtur,
648 685 675 748 si
697 683 865 768 praepositi
893 683 1029 750 subditis
1057 685 1122 750 suia
1143 703 1254 770 graves
1283 683 1429 761 exsistam,

204 811 280 876 qnos
302 791 335 856 iu
357 789 477 858 cuneus
499 789 736 854 uemssitstibus
758 789 890 872 pastoris
919 789 1035 855 ‹labsut
1064 803 1147 855 ruore
1174 789 1299 854 levera-
1315 787 1429 852 ireti-

205 895 328 962 diaooni
351 913 422 961 vero
444 895 509 960 sive
531 893 640 958 decani
662 894 766 959 nullas
787 894 962 960 exacbones
985 894 1049 960 aive
1065 893 1171 961 tallias
1194 893 1232 957 in
1250 891 1430 977 presbyteros
1486 923 1487 950 r

204 1019 258 1068 ssu
281 999 408 1066 elericos
430 1015 569 1064 exercere
590 997 800 1082 praesumant.
845 999 925 1064 Sanc
957 997 1038 1083 quod
1061 997 1100 1063 de
1132 997 1291 1082 praedicte
1319 1015 1431 1062 nomem
1486 1005 1487 1044 ³

203 1103 372 1170 evectionis
392 1101 561 1168 secundum
583 1102 781 1168 tolerantiam
803 1100 922 1168 dietum
946 1103 1002 1182 est,
1026 1103 1059 1167 iu
1081 1101 1146 1168 illis
1168 1101 1244 1171 locis
1265 1100 1432 1185 potariteb

205 1207 332 1286 servari,
354 1207 387 1272 in
411 1206 522 1290 quibua
545 1205 711 1289 ampliores
732 1206 806 1271 sant
827 1207 945 1272 reditus
968 1209 1001 1272 st
1020 1206 1251 1272 aeclesiasticae
1269 1205 1432 1272 facultates

205 1312 243 1377 ln
264 1310 498 1396 pauperioribus
520 1311 623 1374 subm
647 1307 724 1394 locis
745 1309 878 1376 tantam-
891 1308 1034 1374 volumus
1061 1309 1161 1375 teucri
1191 1327 1379 1388 mensuram,
1404 1311 1433 1374 ut

205 1435 241 1481 er
263 1433 389 1481 accessu
412 1413 564 1498 majoram
587 1413 720 1478 minores
754 1413 864 1480 mento
890 1431 950 1480 nou
984 1413 1109 1481 doleant
1138 1431 1172 1478 aa
1201 1413 1337 1496 gravmi
1379 1411 1433 1476 Nec
1486 1455 1487 1466 η

130 1501 147 1530 '
201 1518 339 1586 subtuli
362 1517 559 1602 indulgentia
581 1517 638 1597 illi,
661 1516 715 1601 qui
729 1513 927 1601 paucioribus
950 1517 1036 1602 equis
1059 1517 1107 1581 uti
1121 1516 1265 1582 solebant
1287 1517 1433 1595 munus,

98 1653 102 1660 ·
201 1622 336 1709 plurium
359 1621 420 1688 sibi
443 1621 572 1688 credant
594 1622 781 1704 potestatem
803 1620 966 1690 indultam

306 1726 364 1792 Dis
388 1723 590 1809 Verorduung
612 1725 666 1790 des
688 1725 761 1792 Lat·
782 1724 837 1792 IV.
860 1743 926 1792 can.
950 1726 1002 1792 33.
1034 1725 1138 1808 (Deor.
1169 1724 1266 1811 (ireg.
1297 1723 1433 1790 [x.1.e

202 1849 268 1914 cap.
292 1829 357 1915 23.)
376 1825 562 1898 siederholt
594 1847 653 1894 nur
675 1829 725 1894 dis
747 1830 779 1895 in
811 1829 883 1896 (lem
912 1829 989 1896 eben
1010 1829 1215 1914 angelihrteu
1238 1827 1346 1896 Canon
1377 1829 1434 1892 ent

203 1935 350 2000 haitanan
382 1933 638 2018 Bestimmungen
673 1933 736 1999 und
770 1933 841 2018 filgt
872 1933 940 2000 bei:
974 1933 1032 1999 hoo
1060 1932 1202 2006 adhibito
1234 1932 1433 1999 moderamine
1486 1923 1487 2007 i

203 2037 286 2103 circa
306 2038 429 2123 legatos
449 2041 482 2102 et
502 2038 631 2130 nunpios
653 2037 841 2122 apostolicae
875 2036 966 2118 seua,
990 2039 1036 2118 at,
1070 2057 1168 2120 quum
1203 2036 1376 2122 oportuerit
1393 2053 1434 2100 aaa

203 2141 285 2227 apud
308 2143 443 2226 aliquem
466 2141 568 2207 loeurn
590 2161 708 2207 moram
731 2142 830 2208 lacere
853 2141 1070 2223 necessariam,
1093 2159 1131 2209 ao
1144 2141 1231 2208 locus
1254 2141 1311 2208 ille
1325 2140 1434 2226 propter

194 2247 273 2314 'illos
296 2247 427 2312 nimium
452 2247 650 2332 aggravetur,
674 2245 905 2329 procurationes
927 2245 1079 2330 recipiant
1107 2245 1288 2312 moderatos
1317 2245 1356 2312 ab
1376 2241 1434 2308 aliis

203 2351 341 2418 molaris
365 2350 411 2416 vel
434 2349 580 2433 personis,
604 2369 681 2434 quae
704 2351 839 2416 noudum
868 2350 993 2416 luerent
1022 2350 1060 2416 ele
1082 2349 1147 2416 aaa
1177 2348 1434 2434 procurationibus

133 2495 138 2506 ·
204 2457 404 2539 aggravatas,
427 2454 475 2519 ita
496 2454 578 2538 quod
601 2472 746 2520 numerus
768 2455 1020 2537 procurationum
1043 2473 1205 2522 numerum
1230 2451 1432 2535 dierumqu-

203 2559 261 2624 bus
281 2557 459 2641 hujusmodi
480 2577 597 2626 moram
619 2558 767 2637 fecefint,
803 2577 864 2624 nou
896 2559 1040 2638 excedat,
1075 2560 1108 2624 et
1140 2577 1235 2642 quum
1260 2559 1368 2644 aliqua
1386 2573 1433 2620 non

202 2661 360 2728 suffecerit
381 2679 436 2745 per
456 2680 490 2728 se
511 2661 620 2745 ipsam,
645 2662 722 2728 duae
746 2663 795 2730 vel
818 2664 921 2746 plures
943 2663 1170 2749 eonJungautur
1190 2664 1225 2730 iu
1245 2683 1369 2754 unum„
1486 2675 1487 2695 ¹

308 2765 353 2830 Zu
376 2764 480 2832 diesen
503 2766 710 2852 goselzliohen
733 2767 991 2852 Bestimmungen
1013 2767 1103 2852 firgts
1125 2767 1250 2834 eudlioh
1271 2751 1434 2852 Gregerl

204 2870 261 2936 aui
279 2869 350 2935 dem
373 2870 578 2955 allgemeinen
602 2871 725 2938 Oouoile
750 2891 808 2939 von
842 2873 926 2959 Lvon
959 2872 1072 2958 (1274)
1102 2873 1180 2939 noch
1209 2873 1318 2946 eruste
1348 2867 1435 2936 sunf-

204 2973 436 3058 sndrohungen
459 2973 570 3042 hinnu:
592 2975 700 3061 Exigit
721 2995 932 3060 perversorum
955 2973 1097 3056 andacia,
1119 2978 1155 3042 nt
1178 2994 1238 3042 uon
1261 2976 1362 3041 simus
1381 2971 1435 3038 sta

205 3180 408 3266 imponamus.
454 3181 716 3251 Constitutiouem
748 3185 854 3268 itaque
887 3183 986 3253 felicis
1016 3183 1236 3252 recordatiouis
1274 3175 1436 3248 innocentii

206 3287 309 3370 Papae
331 3287 687 3373 IV.·¹)praedeeesnoria
720 3290 828 3368 nostri
856 3290 958 3362 etiam
990 3307 1081 3372 super
1113 3307 1182 3354 non.
1207 3285 1392 3369 recipiendis
1410 3281 1436 3346 in

205 3390 335 3474 pecunia
356 3392 622 3473 procurationibus
654 3411 690 3458 so
719 3411 811 3479 super
843 3391 1017 3476 receptione
1050 3409 1213 3458 munerum
1246 3387 1435 3456 visitantibus

206 3513 371 3577 eorumque
393 3495 598 3563 familiaribus
619 3496 797 3576 interdieta,
829 3516 923 3581 quam
957 3497 1127 3566 multorum
1160 3495 1259 3562 lertm
1286 3492 1435 3560 temeritas

205 3599 383 3682 praeterire,
408 3600 544 3666 volentes
564 3601 785 3672 inviolabiliter
807 3601 971 3681 observari,
1006 3620 1074 3667 eam
1108 3598 1300 3666 decernimus
1334 3610 1434 3683 poenae

73 3754 75 3758 .
206 3692 379 3787 adjectione
397 3701 577 3787 juvandam,
599 3705 786 3784 statuentes,
808 3705 846 3774 ut
868 3704 1005 3772 universi
1028 3705 1060 3771 et
1082 3703 1214 3789 singuli,
1238 3701 1293 3785 qui
1315 3701 1353 3780 ob
1373 3716 1432 3783 pru·

206 3807 395 3874 curationem
430 3807 489 3874 sibi
511 3809 630 3876 rationo
664 3809 853 3879 visitationis
886 3809 1024 3876 debitam
1056 3809 1177 3894 exigere
1212 3799 1433 3892 pecuniaeve

207 3910 303 4007 etiam
325 3930 344 3976 a
365 3909 486 3977 volente
508 3913 646 3997 recipere
666 3913 716 3979 vel
749 3913 829 3980 alias
861 3913 1116 3979 constitutionem
1148 3912 1249 3996 ipsam
1272 3903 1433 3994 recipiendo

75 4047 79 4053 ·
206 4033 341 4095 munera,
364 4015 440 4095 sive,
462 4016 649 4084 visitationis
667 4017 768 4084 officio
790 4036 851 4084 non
873 4019 1028 4102 impenso,
1055 4015 1303 4102 procurationem
1333 4015 1366 4079 in
1396 4007 1432 4079 vi·

311 4203 337 4272 l)
354 4203 391 4258 lla
408 4205 446 4259 ist
463 4207 521 4262 dies
544 4209 604 4262 elue
623 4207 686 4277 sehr
703 4207 889 4263 sualuhrliche
908 4207 1106 4272 Cenmitution,
1130 4207 1160 4260 iu
1178 4203 1293 4260 authu
1316 4199 1432 4258 amabe

205 4288 457 4360 denlletropoliten
474 4287 844 4361 singehendeVorsehrilten'
854 4295 920 4350 uber
938 4293 982 4349 die
992 4291 1225 4348 vuit-uenimus
1233 4291 1380 4346 Pnovinaeu
1395 4299 1432 4354 ga

206 4375 292 4446 geben
310 4375 364 4430 aad
382 4379 483 4431 arietat
505 4377 574 4432 auch
591 4378 643 4433 alen
660 4377 807 4435 Riarlrblen
825 4380 942 4436 alieaelbe
964 4379 1148 4435 arisitatiouia
1163 4379 1268 4433 terren
1287 4373 1430 4432 antuman

206 4459 281 4515 arira
316 4461 361 4516 Sia
377 4461 454 4516 atelm
472 4464 501 4516 in
519 4464 599 4518 Serta
616 4464 663 4519 tlt.
681 4465 756 4520 XIX.
780 4466 814 4522 cle
837 4467 969 4534 censibus,
992 4464 1184 4534 eractioaibaa.
1201 4468 1231 4524 et
1251 4457 1431 4536 μαθητιῶ·

206 4545 264 4611 bus,
283 4561 339 4615 cap.
359 4547 382 4601 l.
687 4543 689 4548 '

93 3083 95 3088 '
204 3077 388 3144 delictorum
411 3078 617 3162 prohibitione
640 3081 787 3160 conanti,
821 3081 875 3148 ssd
908 3081 1004 3146 etiam
1037 3097 1166 3165 poenam
1196 3076 1435 3163 delinquentibus
1486 3067 1487 3102 ¹
