2990 4934
250 137 414 254 Sctddrep:
443 185 510 242 Das
533 169 679 242 Studium
698 189 751 242 dea
769 187 1005 244 Kircteurectto
1023 193 1059 244 iro
1078 189 1164 245 Rom.
1270 173 1330 238 231

84 355 323 442 archiepiscopo
345 379 418 426 naus
439 360 554 444 proprii
577 360 665 444 pallii
689 362 775 427 extra
793 339 938 428 ecclesias
962 379 1036 436 snus
1059 361 1230 444 provinciae
1252 364 1333 432 siout
1426 403 1438 410 -

85 461 241 544 probatur
262 483 328 548 cap.
353 465 486 546 primum
509 465 540 532 h.
557 467 592 544 t.,
618 465 671 532 ubi
695 465 828 549 legimus
852 467 931 531 hanc
954 465 1139 532 decisionem
1164 465 1332 533 Clementis

84 567 196 633 tertii:
223 567 484 655 »Intelligendum
501 573 559 645 est,
582 569 663 655 quod
686 570 957 654 intmqnamlibet
972 570 1135 636 ecclesiam
1157 571 1332 654 provinciae

83 671 144 735 titi
168 671 367 737 commissum
390 674 446 757 (sc.
470 670 599 757 pallinm
623 676 711 739 tunm
734 674 782 738 nti
804 676 917 760 posse).
963 673 996 738 Si
1019 693 1091 740 vero
1112 675 1145 738 te
1167 675 1264 740 sacris
1285 676 1332 739 in·

84 774 204 840 dutum
227 776 365 842 vestibus
386 778 547 844 ecclesiam
577 777 845 861 processionaliter
868 778 916 843 vel
945 779 1010 846 olio
1033 777 1123 844 modo
1148 779 1236 845 scire
1257 797 1331 844 con-

84 877 220 963 tigerit,
253 881 329 944 tnnc
357 880 452 964 pallio
486 880 613 947 minime
643 881 691 946 nti
713 880 835 948 debes«
884 881 925 946 llt
958 881 1071 946 itemm
1096 881 1201 948 dbbas
1223 883 1254 946 in
1278 883 1330 948 cit.

68 973 155 1065 'cap
170 984 203 1046 2.
217 1004 247 1052 n.
261 986 291 1052 3.
304 984 334 1049 h.
347 985 382 1063 t,
404 986 458 1051 nbi
480 985 513 1050 in
535 988 635 1052 forma
657 985 833 1052 traditionis
855 985 942 1069 pallii
965 985 1043 1052 haec
1061 987 1150 1052 verba
1170 988 1331 1054 continen-

85 1091 150 1166 tur,
165 1088 328 1154 videlicet:
344 1089 526 1156 »Tradimus
538 1090 595 1155 tibi
608 1090 748 1173 pallium,
761 1088 930 1155 uteoinfra
941 1089 1100 1156 ecclesiam
1113 1097 1201 1158 tuom
1212 1090 1328 1156 utaris«

85 1195 118 1257 et
143 1194 284 1260 secundo
310 1193 394 1260 solns
414 1195 570 1260 Romanus
594 1194 736 1260 Pontifex
764 1195 796 1259 in
817 1194 958 1260 omnibns
988 1195 1151 1260 missarum
1174 1193 1331 1260 solemniis

85 1317 213 1382 semper
236 1299 268 1364 et
289 1297 403 1383 ubique
423 1298 518 1382 pallio
541 1299 652 1377 utitur,
675 1299 710 1363 nt
733 1298 867 1365 habetur
890 1300 922 1363 in
945 1315 1010 1382 cap.
1027 1301 1135 1382 quarto
1162 1298 1219 1364 »ad
1233 1298 1331 1363 hono·

85 1421 173 1467 rem«
203 1402 235 1475 ln.
258 1408 291 1480 t,
314 1403 368 1469 nbi
391 1403 467 1468 haec
489 1403 569 1470 ratio
587 1403 690 1469 brevia
712 1403 766 1469 sed
786 1403 938 1470 concinna
959 1401 1102 1469 additur:
1134 1402 1328 1487 ›drohiepis-

86 1507 156 1590 copi
182 1506 284 1574 vocati
307 1509 380 1572 sunt
404 1507 436 1572 in
454 1509 591 1590 portent
602 1507 838 1588 sollicitudinis,
861 1509 1019 1573 Romanus
1042 1525 1111 1572 voro
1135 1507 1277 1572 Pontifex
1298 1506 1331 1572 in

84 1610 314 1692 plenitudinem
349 1611 541 1693 potestatis«
581 1613 672 1696 'llrgo
705 1613 800 1678 ceteri
829 1611 1049 1695 archiepiscopi
1082 1611 1175 1676 certis
1207 1611 1330 1676 tantum

85 1715 162 1780 locis
187 1715 220 1780 et
243 1715 352 1780 diebus
375 1708 467 1798 prout
489 1733 593 1780 comm
613 1715 790 1799 jurisdictio
812 1733 915 1780 secum
936 1715 1051 1799 portat,
1074 1713 1168 1798 pallio
1191 1715 1239 1780 nti
1260 1733 1330 1798 pos-

85 1817 178 1895 siunt,
215 1819 250 1884 et
270 1819 296 1882 ei
320 1818 437 1884 talibus
467 1819 575 1884 dietus
604 1819 762 1885 celebrant
790 1818 856 1884 sine
879 1818 1125 1902 pontificalibus,
1149 1820 1276 1902 possunt
1298 1817 1330 1882 id

87 1923 188 1988 lacere
212 1922 280 1988 sino
301 1921 406 2004 pallio,
429 1923 465 1986 ut
486 1921 645 2007 colligitur
669 1941 704 1987 ex
726 1921 832 1987 codem
857 1940 922 2004 cap.
945 1922 1055 2005 quarto
1081 1921 1141 1986 »ad
1163 1922 1327 1988 honorem«

86 2028 118 2091 et
133 2046 170 2093 ex
186 2026 294 2112 glossa
309 2025 402 2114 lmjns
419 2025 530 2109 capitis
545 2028 578 2092 et
592 2046 628 2092 en
643 2045 757 2092 canone
775 2024 940 2109 ›pallium‹
959 2026 1046 2090 serto
1068 2024 1275 2091 distinctionis
1292 2025 1329 2090 x.

88 2131 171 2215 Ergo
188 2151 246 2198 nec
261 2129 518 2214 Archiepiscopns
533 2130 684 2196 inritatus
707 2131 794 2195 extra
815 2129 1006 2213 provinciam
1021 2147 1090 2194 oum
1113 2130 1210 2213 pallio
1230 2129 1331 2195 alieno

87 2235 247 2301 celebrare
268 2235 361 2300 debet
382 2234 432 2300 uel
451 2235 562 2318 potest.
1358 2219 1361 2225 ’

113 2343 123 2360 ’
198 2338 386 2404 Dubitatnm
399 2341 457 2416 set,
470 2357 510 2403 an
522 2339 548 2402 si
564 2337 819 2421 Archiepiscopns
830 2337 960 2402 emittat
973 2336 1103 2420 pallium
1119 2355 1208 2403 snum
1221 2338 1329 2403 aPon-

89 2442 173 2509 tilios
186 2444 349 2526 acceptum
372 2443 421 2508 vel
444 2461 517 2508 casn
540 2443 613 2527 igne
635 2442 843 2522 comburatur,
867 2441 983 2524 poterit
997 2440 1030 2505 in
1046 2441 1150 2506 alione
1170 2440 1329 2524 provincia

89 2545 143 2612 illa
158 2547 389 2630 archiepiscopo
403 2565 459 2631 pro
474 2547 539 2613 hac·
549 2547 614 2612 vice
627 2545 795 2612 conducere
806 2545 936 2629 pallium
949 2546 1016 2629 ejus
1028 2547 1169 2610 necnon?
1191 2545 1330 2628 Respon-

90 2650 226 2716 dendnm
249 2651 297 2716 cst
323 2651 389 2716 sine
417 2650 511 2716 dnbio
533 2651 687 2735 negative.
732 2647 805 2714 Alia
829 2648 954 2732 quidem
983 2649 1072 2713 sonat
1100 2648 1156 2713 illa
1178 2648 1328 2733 quaestio,

90 2756 197 2822 ntrnm
213 2755 241 2820 si
256 2754 510 2839 Archiepiscopns
531 2754 661 2839 pallium
684 2773 775 2819 sunm
797 2753 982 2818 aPontifice
1004 2756 1164 2837 acceptum
1186 2754 1235 2820 vel
1257 2773 1330 2831 casu

91 2859 162 2942 igne
186 2859 386 2926 comburatur
408 2860 523 2942 poterit
545 2859 612 2924 sine
631 2857 686 2923 illo
707 2876 836 2924 munera
857 2856 1048 2942 pontificalia
1071 2860 1231 2923 exercere?
1265 2857 1330 2924 dn·

92 2967 173 3030 olore
197 2965 331 3048 Acngna
360 2964 492 3029 ducente
514 2964 565 3029 lrio
587 2962 773 3028 affirmative
801 2961 984 3045 respondere
1012 2961 1122 3027 debere
1144 2961 1330 3028 credendum

92 3071 149 3148 est,
172 3070 355 3154 pracsertim
378 3069 404 3133 si
425 3069 545 3135 occasio
568 3070 616 3134 eat
637 3066 784 3134 solemnis
805 3084 884 3150 quas
907 3065 1024 3130 differri
1045 3083 1106 3132 non
1127 3065 1251 3150 poterit,

201 3171 262 3238 Sed
285 3191 470 3257 quamquam
494 3172 660 3238 ordinarie
681 3170 831 3254 loquendo
854 3169 1112 3252 Archispiscopns
1134 3171 1220 3235 extra
1242 3187 1331 3234 snam

91 3276 280 3355 provinciam
302 3275 397 3358 pallio
419 3294 474 3341 suo
496 3275 543 3360 nti
567 3291 626 3339 non
648 3276 768 3358 potest,
798 3277 904 3360 tamen
933 3272 1040 3338 adesso
1062 3272 1176 3355 poterit
1197 3273 1331 3353 speciale

92 3379 304 3465 privilegium,
334 3398 353 3445 a
375 3378 453 3445 Sede
482 3378 678 3463 Apostolica.
691 3377 868 3456 indultum,
899 3396 958 3461 qno
982 3377 1010 3442 ei
1033 3377 1127 3442 etiam
1154 3376 1239 3441 entra
1260 3394 1331 3459 pro·

93 3480 226 3550 vinciam
248 3483 343 3568 pullio
368 3503 424 3550 sno
446 3486 494 3549 nti
515 3484 632 3552 licebit.
678 3485 716 3549 ln
739 3501 874 3548 connexu
903 3481 997 3565 hujus
1024 3479 1180 3565 privilegii
1210 3479 1331 3563 quaesi·

93 3575 160 3650 tum
184 3589 262 3680 erat2
283 3607 324 3653 an
338 3588 396 3654 hoc
418 3587 616 3673 privilegium
639 3588 733 3653 etiam
756 3586 795 3651 ad
818 3603 1007 3651 successores
1027 3587 1185 3660 transeat3
1208 3585 1240 3648 et
1263 3581 1331 3666 qni-

95 3687 161 3756 dem
185 3691 353 3758 dcendnm
373 3693 437 3757 est:
459 3691 700 3777 siprivileginm
723 3688 903 3755 conceditur
919 3709 1078 3772 persorroe
1101 3687 1330 3772 Archiepisoopi

96 3813 155 3858 uon
184 3796 336 3874 transire,
370 3813 458 3861 secus
489 3814 559 3865 voro
582 3796 608 3861 si
637 3795 820 3862 conceditur
844 3793 990 3860 ccclesiae
1014 3793 1045 3857 et
1068 3793 1104 3858 fit
1124 3792 1224 3870 recte,
1258 3790 1331 3874 qnia

96 3895 208 3968 transit
230 3899 269 3966 ad
292 3918 483 3996 soccessores
504 3900 563 3965 nisi
586 3900 628 3965 sit
650 3901 837 3965 revocatum.
1311 3915 1314 3928 ‘

196 4003 334 4070 Dnbinm
356 4005 459 4088 potest
487 4022 554 4070 esse
575 4003 609 4068 in
630 4003 681 4069 tie
709 4003 851 4069 tenninis
872 4001 1023 4086 quomodo
1046 3999 1262 4084 cognoscatur:
1291 4017 1330 4064 an

99 4105 291 4193 priuileginm
314 4093 490 4174 concessum
520 4108 563 4173 sit
583 4128 741 4190 persocce
767 4108 800 4172 st
821 4107 864 4172 sit
879 4105 1049 4187 maenala
1074 4103 1125 4170 nel
1146 4123 1186 4170 an
1208 4121 1331 4169 conces-

100 4223 165 4274 snm
188 4211 229 4278 sit
251 4213 398 4280 ecclesiae
420 4213 452 4276 et
474 4212 517 4278 sit
539 4212 650 4278 recte?
669 4211 737 4277 Hoc
758 4211 790 4278 in
814 4209 906 4276 dubio
928 4209 1120 4292 inspicienda
1142 4211 1217 4273 snut
1239 4208 1331 4273 verba
1449 4239 1452 4246 ·

100 4313 264 4403 privilegii3
287 4317 313 4382 si
329 4318 411 4383 enim
430 4316 487 4383 illa
509 4316 687 4403 dirigantur
710 4314 749 4380 ad
771 4332 931 4398 personam
955 4311 1185 4396 Archiepiacopi
1203 4349 1241 4358 —
1254 4332 1330 4392 per·-

101 4421 202 4486 soonle
223 4423 271 4492 ost
292 4421 506 4508 privileginm3
534 4421 561 4487 ei
583 4421 623 4486 ad
646 4419 917 4503 Archiepisoopum
940 4423 969 4482 et
990 4415 1162 4494 ecclesiam,
1186 4417 1261 4480 tnnc
1284 4415 1331 4480 di·

102 4518 178 4589 oitnr
197 4525 297 4604 rech,
320 4525 485 4593 nonenim
507 4525 611 4610 potest
631 4524 743 4592 melius
766 4521 921 4610 dignosci,
952 4519 1003 4586 cui
1025 4518 1212 4585 concedatur
1234 4518 1331 4604 priri-
