2990 4934
220 190 380 262 Scbddrey.
408 192 473 249 Dae
497 190 643 248 Studium
661 193 714 248 dee
732 189 969 248 Kircbenrccbts
985 191 1021 244 irs
1043 189 1130 246 Rom.
1176 227 1180 232 -
1236 163 1300 234 235

60 366 138 430 lium
162 384 217 430 seu
238 364 371 448 pallam,
401 365 433 430 in
455 365 519 432 illis
541 365 707 433 canonibus
735 363 884 450 appellari
914 366 1030 430 vestem
1061 363 1147 428 illam
1171 358 1300 438 Altaris,

60 472 155 536 quam
179 471 234 517 nos
256 453 447 536 appellamus
471 453 668 538 Corporales,
698 472 778 536 quae
807 453 931 535 ponitur
959 468 1051 534 super
1071 451 1167 515 Aram
1191 447 1230 514 ad
1251 465 1301 511 sa·

60 538 212 604 orificium
237 539 352 604 Missae
383 539 599 606 celebrandurn
630 541 663 606 et
690 540 779 623 quasi
804 539 975 624 imaginem
1005 538 1139 624 sustinet
1168 534 1301 600 mundae

60 626 147 691 illius
171 626 327 710 syndonis,
350 645 411 710 qua
426 625 544 694 Christi
567 646 676 710 corpus
692 626 732 692 ad
748 625 940 709 sepulturam
962 623 1136 689 involutum
1159 621 1301 687 nevimus

61 733 95 778 ex
118 712 252 779 Joannis
274 733 339 796 cap.
367 714 427 793 19.,
450 712 489 778 de
511 733 571 797 qua
594 714 632 780 ab
655 713 787 778 Eusebio
810 714 843 777 et
864 732 883 778 a
905 711 1053 777 Silvestre
1076 710 1101 775 1.
1125 709 1156 774 in
1180 706 1301 792 epilego
1375 721 1379 730 ·

61 801 222 866 Romame
243 800 350 886 synodi
372 802 527 884 statutum
548 800 691 887 legimus,
716 819 753 865 ne
775 799 895 866 Altaria
917 817 971 864 seu
987 796 1143 864 Dominici
1159 793 1301 878 Corporis

60 887 252 953 consecratio
274 887 306 951 in
328 906 429 970 panno
451 889 548 953 serico
572 887 627 953 aut
648 889 748 954 tincto
771 887 868 965 lieret,
891 885 945 952 sed
967 886 999 950 in
1021 885 1111 967 palla
1132 884 1217 949 liaeo
1240 901 1299 965 pu-

61 993 166 1057 raque,
192 974 231 1040 ad
253 973 489 1040 similitudinem
512 974 645 1040 mundae
667 974 752 1040 illius
775 973 919 1059 syndonis
942 973 1006 1039 sive
1028 971 1128 1038 liutei.

163 1077 306 1144 &cando
327 1077 549 1144 observandum
572 1079 631 1156 est,
654 1079 740 1158 olim,
762 1077 845 1144 sicut
867 1075 969 1154 hodie,
992 1075 1024 1141 in
1047 1093 1105 1141 usu
1126 1073 1222 1138 luisse
1245 1071 1300 1136 de·

61 1164 184 1230 functos
208 1165 345 1230 vestibus
376 1165 517 1250 propriae
546 1165 696 1252 dignitati
726 1162 966 1248 congruentibus
996 1165 1029 1230 et
1054 1159 1197 1246 insigniis
1226 1177 1299 1242 pro·

61 1248 294 1335 priissepellri.
339 1251 376 1316 In
398 1251 535 1334 antiquis
558 1251 639 1318 enim
662 1249 832 1334 disciplinis
862 1251 998 1316 relatum
1021 1249 1086 1325 est,
1116 1265 1193 1331 quae
1216 1245 1301 1330 quis-

62 1355 119 1418 que
156 1340 341 1404 ornamenta
378 1342 559 1404 consecutus
598 1340 664 1417 est,
710 1339 746 1402 nt
784 1357 820 1404 ea
856 1338 1013 1402 mortuum
1053 1333 1300 1402 condecorarent.

61 1425 111 1488 lta
133 1425 222 1508 apud
241 1427 393 1492 Romanos
416 1426 518 1492 efferri
541 1425 747 1511 Magistratus
768 1425 845 1509 toga
866 1424 1035 1508 praetexta,
1060 1422 1206 1489 Oenscres
1228 1439 1302 1503 pur·

64 1530 174 1593 purea,
207 1511 426 1594 Triumphales
453 1513 594 1596 palmata
620 1512 778 1588 solebant;
813 1509 959 1578 similiter
991 1508 1197 1576 etcaesares
1230 1525 1300 1575 curn

66 1597 245 1666 diedemate
266 1601 298 1665 et
320 1619 465 1683 purpura,
489 1599 618 1683 aliisque
642 1598 769 1682 Imperii
783 1598 815 1664 et
837 1597 1066 1682 triumphorum
1087 1592 1231 1680 insigniis
1253 1593 1302 1658 lu·

64 1686 220 1751 nerantur.
267 1685 327 1755 Sed
350 1705 420 1751 cum
442 1685 601 1769 religionis
621 1687 781 1770 praetextu
805 1703 865 1749 non
887 1685 987 1750 selum
1009 1683 1095 1748 Mart
1116 1701 1185 1748 rum
1205 1682 1237 1745 et
1252 1699 1302 1745 ec·

65 1771 173 1864 elesiae
199 1771 410 1838 ministrorum
440 1791 565 1857 corpora
588 1792 658 1838 cum
681 1771 871 1850 dalmaticis,
900 1771 991 1856 pallis
1018 1772 1050 1835 et
1072 1703 1142 1835 nilis
1164 1767 1302 1832 vestibus

65 1859 269 1941 sepelirentur
290 1877 397 1925 verum
421 1860 516 1924 etiam
537 1857 687 1925 laicorum
710 1859 861 1925 cadavera
876 1858 1014 1923 vestibus
1037 1856 1132 1922 sacris
1155 1854 1186 1921 et
1209 1852 1302 1938 pallis

66 1947 203 2011 involuta
227 1946 472 2029 aliquisepelire
494 1947 736 2030 praesumerent,
759 1945 852 2011 variis
875 1943 1021 2011 ecelesiae
1044 1941 1211 2009 canonibus
1232 1959 1303 2025 pro-

63 2031 199 2098 hibitum
224 2034 295 2112 fuit,
321 2051 359 2100 ne
374 2033 586 2100 defunctomm
610 2033 760 2100 cadavera
781 2031 876 2116 pallio
898 2033 931 2098 et
952 2029 1023 2096 aliis
1045 2030 1140 2096 sacris
1163 2027 1300 2094 vestibus

66 2120 301 2186 obvolverentur
321 2121 362 2186 ad
385 2120 575 2205 sepulturam
606 2119 729 2188 etiarnsi
752 2118 925 2184 sacerdotes
948 2119 1059 2185 essent.
1105 2117 1175 2182 Non
1196 2117 1301 2180 tamen

66 2207 127 2270 illis
157 2227 213 2272 eeu
241 2205 311 2271 aliis
341 2206 488 2273 ecclesiae
517 2207 685 2272 canonibus
714 2204 915 2289 prohibentur
937 2202 1167 2290 Arcbiepiscopi
1195 2200 1303 2265 etalii

67 2294 211 2359 ecclesiae
234 2291 371 2359 ministri
393 2293 531 2360 vestibus
553 2295 693 2377 propriae
716 2291 881 2375 dignitatis
903 2289 1034 2356 involuti
1057 2287 1189 2374 sepeliri.
1214 2287 1303 2352 Facit

69 2381 238 2446 Concilium
260 2381 436 2445 ¹Romanum
459 2380 627 2445 secundum
649 2378 705 2443 sub
730 2377 880 2462 Gregorio
901 2377 926 2442 l.
950 2395 1065 2442 canone
1087 2375 1216 2460 quarto,
1239 2373 1301 2438 ibi:

71 2465 173 2532 »Sicut
195 2466 348 2550 indignos·
370 2485 426 2531 noe
451 2485 506 2550 pro
528 2464 620 2532 Beati
642 2465 729 2530 Petri
752 2464 892 2548 Apostoli
915 2462 1087 2529 reverentia
1117 2480 1203 2528 mens
1226 2460 1303 2528 fide—

68 2553 141 2644 lium
160 2557 345 2631 veneratur,
376 2554 422 2618 ita
452 2554 589 2620 nostram
619 2551 834 2618 infirmitatem
865 2550 958 2616 debet
987 2548 1153 2633 semetipsa
1182 2565 1302 2630 semper

69 2659 232 2724 agnoscere
254 2642 286 2706 et
307 2641 465 2724 impensae
498 2640 558 2705 sibi
579 2638 785 2707 venerationis
808 2657 900 2704 onera
922 2636 1086 2704 declinare.
1130 2636 1176 2725 Ex
1197 2652 1301 2703 amore

69 2728 176 2810 quippe
207 2727 351 2793 fidelium·
375 2727 467 2811 hujus
489 2725 576 2793 Sedis
605 2725 787 2793 Rectoribus
818 2744 883 2790 moe
905 2725 989 2790 ultra
1018 2722 1164 2789 meritum
1189 2722 1300 2805 erupit,

70 2816 103 2876 ut
129 2835 199 2880 cum
230 2833 332 2879 eorum
369 2832 494 2897 corpora
527 2813 663 2879 bumana
696 2812 892 2888 deseruntur,
927 2811 1104 2876 dalmaticis
1135 2808 1303 2892 contegant

71 2901 188 2966 easdem
213 2900 395 2966 dalmaticas
417 2918 471 2984 pre
501 2899 678 2966 sanctitatis
700 2899 871 2965 reverentia
893 2897 1017 2963 sibimet
1045 2897 1225 2982 partiendas
1247 2914 1301 2978 po·

72 2986 157 3068 pnlue
187 2988 312 3053 scindat
341 2989 372 3052 et
402 3006 471 3052 cunr
496 2986 600 3054 adsint
627 2986 728 3053 malta
755 2986 788 3051 in
818 2985 913 3051 sacris
939 2985 1117 3067 emporibus
1140 2982 1303 3067 Apostolo·
1439 3035 1442 3041 ,

72 3092 136 3139 mm
159 3075 396 3160 Martyrumque
427 3073 597 3152 velamina,
628 3093 646 3139 a
673 3074 868 3156 peccatorum
891 3090 1015 3155 corpore
1043 3070 1192 3146 sumitur,
1222 3067 1303 3152 quod

70 3155 1302 3332 tillidi‘tltllllllbllltrltlultl{illitistltlll

278 3299 285 3328 l
1293 3289 1301 3320 i

72 3332 151 3399 nullo
173 3335 312 3419 tegmine
334 3334 482 3400 veletur«
1062 3341 1068 3354 ·

169 3423 216 3487 Ex
238 3421 286 3485 hia
308 3421 406 3505 igitur
429 3420 530 3486 verbis
556 3419 696 3497 constat,
729 3417 830 3483 solum
859 3417 1048 3500 prohibitum
1080 3415 1191 3496 fuisse,
1227 3432 1303 3498 qno-

73 3505 168 3573 minus
202 3508 361 3594 religionis
393 3508 555 3590 praetextu
589 3505 739 3571 laicemm
769 3504 919 3570 cadavera
939 3502 1038 3587 pallio
1070 3502 1304 3569 obvolverentur

73 3609 128 3658 non
157 3598 261 3661 autem
283 3593 517 3678 Archiepiscopi
547 3592 671 3658 mortui.
716 3592 800 3676 Ergo
827 3609 897 3657 nec·
917 3589 994 3656 baec
1026 3588 1189 3656 dubitandi
1222 3589 1303 3654 ratio

75 3679 153 3777 valet
173 3681 351 3766 quidquam,
377 3699 449 3764 ergo
465 3679 721 3764 Archiepiscopus
744 3697 814 3743 cum
837 3696 892 3744 suo
914 3676 1036 3761 proprio
1050 3676 1145 3761 pallio
1161 3676 1209 3741 vel
1231 3675 1303 3759 pal·

74 3761 544 3834 mmmmdmt
858 3829 861 3837 .

194 3857 242 3921 tat
264 3874 336 3940 ergo
359 3855 391 3920 in
414 3853 556 3919 omnibus
579 3850 693 3930 decisio
716 3849 848 3916 Romam
871 3848 1031 3915 Pontifiois
1054 3849 1087 3914 et
1108 3848 1141 3912 in
1163 3848 1304 3914 omnibus

75 3938 183 4017 optime
206 3941 328 4008 defendi
351 3942 468 4026 potest,
497 3941 606 4020 primo
629 3957 666 4002 ne
690 3937 769 4002 alius
803 3937 1050 4020 archiepiscopus
1085 3934 1139 4000 alii
1173 3935 1304 4019 pallium

76 4037 158 4119 suurn
189 4028 374 4108 commodet,
404 4027 539 4094 eecaodc
571 4027 607 4089 ut
636 4023 845 4108 unusquisque
869 4023 1116 4108 archiepiscopus
1149 4041 1217 4089 cum
1249 4041 1303 4088 suo

76 4109 165 4188 ipsius
184 4115 278 4200 pallio
299 4117 370 4200 post
392 4116 524 4180 mortem
547 4110 677 4196 sepeliat
717 4162 724 4177 .

530 4404 840 4419 ——m
