3078 4934
184 183 248 251 190
417 199 468 260 rna
486 203 546 261 aa
563 203 617 262 rx.
641 204 767 276 smper.
785 209 814 263 a
834 205 878 264 21.
897 203 1081 264 uouemere
1100 203 1184 262 rara.

184 376 269 442 haud
291 377 402 443 ‘rniuori
425 379 690 446 commendatione
719 380 820 449 clerus
840 381 1032 468 populusque
1061 377 1163 449 fidelis
1185 380 1217 448 in
1240 381 1431 462 Germania,

184 481 293 580 qui'ot
313 481 380 567 ipse
400 483 540 568 seqnitur
562 486 701 569 exempla
721 485 858 552 illustria
881 486 1062 553 Praesulnm
1085 502 1220 553 suorum.
1263 485 1308 551 Hi
1331 487 1433 552 enim·

42 675 43 680 ¹
184 605 256 654 uero
283 589 496 672 spectaculum
525 589 601 655 iacti
628 593 702 657 sunt
730 591 844 659 mundo
874 594 906 659 et
936 591 1057 679 augelis
1085 593 1118 658 et
1147 591 1344 670 hominibus,
1378 591 1432 674 qui
1517 631 1518 648 r

185 693 308 761 caruem
342 693 468 761 unauna
500 695 672 763 annonae
701 697 798 764 rona
821 698 966 764 venum
989 697 1022 764 a
1043 697 1134 781 gaes
1166 696 1277 762 urnas
1312 695 1433 780 praem

99 833 100 838 κ
184 798 311 866 Domini
340 801 465 866 emanue
494 799 640 884 praeliari
658 801 804 886 undique
833 801 1103 885 circumspiciunt,
1133 783 1300 886 eorumque
1334 801 1433 866 animi
1517 805 1518 846 ³

185 902 400 972 fortitudinem
424 903 634 990 inuictamque
662 907 870 973 constantiam
901 925 936 972 eo
962 905 1064 991 magis
1092 905 1288 972 admirentur
1310 906 1344 971 et
1367 904 1432 970 eri-
1517 919 1518 924 ’

185 1007 257 1073 miis
272 1007 417 1074 laudibus
432 1007 594 1090 extollunt,
611 1029 671 1094 quo
686 1011 787 1096 magis
802 1010 834 1076 in
850 1011 916 1076 dies
931 1009 1094 1076 invalescit
1110 1009 1261 1076 acerrima
1274 1010 1433 1095 persecuti

185 1111 333 1206 noluemus
349 1130 400 1179 eos
414 1113 569 1179 commota
583 1113 616 1179 iu
628 1113 814 1182 Germanico
828 1115 961 1199 Imperio
972 1133 1009 1179 ac
1019 1115 1215 1199 potissimam
1227 1114 1260 1180 in
1272 1113 1431 1181 Borusaia

289 1217 418 1283 Praeter
440 1217 557 1284 multas
572 1218 604 1284 et
626 1237 736 1303 graves
756 1219 888 1303 injurias
910 1219 1081 1285 catholicae
1097 1219 1254 1286 Ecclesiae
1278 1219 1430 1304 superiori

186 1342 266 1390 anuo
287 1322 459 1408 irrogatas,
482 1321 677 1390 Mminm
705 1323 917 1391 Borussicum
946 1324 1133 1390 durissime
1161 1329 1190 1389 et
1216 1323 1433 1406 iniquissimis

184 1429 320 1512 putatis
341 1427 460 1511 tequea
481 1447 502 1494 a
522 1427 659 1510 pristino
681 1447 767 1496 merc
789 1449 929 1513 proruis
951 1430 1064 1496 clienta
1086 1428 1266 1494 uniuersam
1289 1425 1430 1495 Clericu-

185 1555 259 1600 rum
279 1533 504 1600 institutionem
526 1539 555 1600 et
576 1533 788 1600 educationem
810 1534 913 1600 laicae
929 1535 1078 1616 potestati
1100 1533 1147 1598 ita
1168 1531 1308 1614 subjecit,
1332 1534 1370 1597 ut
1393 1530 1432 1596 ni

186 1639 266 1704 hauc
287 1637 443 1722 pertineat
465 1637 620 1722 inquirere
643 1656 679 1703 ac
700 1638 878 1716 decernere,
909 1637 1061 1728 quomodo
1084 1637 1187 1703 clerici
1210 1635 1374 1702 erudiendi
1397 1655 1432 1702 ac

187 1743 323 1830 tingendi
352 1743 417 1809 sint
439 1741 479 1808 ad
502 1743 724 1810 sacerdotalem
754 1743 853 1810 uitam
883 1746 915 1810 et
937 1742 1142 1828 pastoralem
1175 1745 1269 1826 atque
1297 1739 1432 1807 ulterius

127 1845 133 1858 '
186 1846 384 1932 progrediens
407 1847 505 1914 eidem
529 1847 679 1932 potestati
706 1847 758 1932 jus
787 1847 901 1914 tribuit
923 1845 1126 1934 cognoscendi
1150 1851 1183 1913 et
1207 1845 1372 1932 judicandi
1395 1845 1432 1912 da
1518 1875 1519 1886 ἒ

90 2025 93 2032 ,
186 1951 351 2018 collatione
374 1949 510 2035 cujusvis
534 1951 628 2018 officii
644 1955 677 2018 et
693 1951 834 2019 beneficii
856 1950 1069 2032 ecclesiastici,
1091 1953 1186 2039 atquo
1209 1951 1304 2018 etiam
1326 1969 1431 2017 sacrm

47 2093 49 2100 ·
186 2058 326 2141 pastores
348 2055 449 2123 officio
472 2059 504 2123 et
529 2056 677 2124 beneficio
699 2057 850 2142 privandi.
882 2057 1049 2124 Praeterea
1070 2075 1130 2142 quo
1153 2055 1284 2124 odarius
1307 2057 1340 2121 et
1361 2055 1432 2140 ple-

187 2163 256 2227 nius
279 2161 523 2228 ecclesinstiaum
548 2163 687 2248 regimen
703 2163 736 2228 et
749 2161 962 2229 hierarchicae
984 2161 1185 2247 subjectionis
1207 2160 1283 2228 ordo
1305 2161 1346 2226 ab
1366 2161 1433 2245 ipso

186 2265 309 2332 Christo
332 2265 465 2334 Domino
493 2266 681 2333 comtitutus
709 2267 955 2344 subierteretnr,
984 2266 1074 2351 plura
1101 2266 1140 2332 ab
1171 2265 1282 2332 iisdem
1309 2265 1434 2352 legibus

185 2371 301 2455 injecta
324 2372 398 2437 aunt
419 2371 643 2455 impedimenta
670 2359 830 2456 Episcopis
859 2371 1023 2456 quominus
1053 2390 1107 2456 per
1136 2387 1280 2445 censuras
1302 2389 1434 2455 poenas·

186 2495 246 2561 que
267 2477 431 2542 wcanonicas
454 2475 518 2543 sive
541 2477 715 2543 animarum
739 2476 843 2556 saluti,
866 2477 930 2544 sive
947 2475 1076 2542 sanitati
1091 2474 1248 2542 doctrinae
1263 2475 1294 2540 in
1318 2475 1434 2540 scholis

121 2673 122 2678 ¹
186 2579 359 2659 catholicis,
382 2580 448 2647 aire
471 2580 615 2665 obsequio
639 2581 699 2646 sibi
722 2601 741 2647 a
763 2583 883 2648 clericis
906 2582 1010 2648 debito
1032 2580 1202 2666 opportune
1225 2579 1434 2664 prospiciaut;

186 2705 246 2750 nou
269 2684 360 2751 aliter
382 2685 464 2750 enim
487 2703 543 2769 per
564 2704 617 2751 ens
643 2685 729 2771 leges
756 2685 805 2752 fas
835 2689 883 2753 est
905 2687 1064 2771 Episcopls
1094 2685 1170 2752 baec
1193 2703 1303 2770 agere,
1338 2703 1433 2768 quam
1519 2709 1520 2750 2

98 2793 100 2796 ’
183 2791 274 2874 juxta
295 2789 445 2873 placitum
472 2789 573 2856 civilia
597 2791 794 2856 auctoritatis
817 2791 903 2858 etad
926 2809 1065 2857 normam
1089 2789 1211 2874 abipsa
1231 2789 1433 2873 propositam.

120 2921 132 2940 ,-
185 2895 321 2960 Damam
342 2913 382 2960 ue
395 2893 470 2979 quid
494 2894 625 2974 deesset,
648 2913 708 2980 quo
724 2895 877 2962 catholica
891 2894 1031 2964 Ecclesia
1052 2895 1174 2979 penitus
1196 2894 1432 2977 opprimeretur,
1519 2905 1520 2912 ’

186 2999 309 3084 regiam
331 2998 469 3065 tribuual
496 3018 551 3083 pro
581 2999 801 3066 ecelesiasticis
830 2999 965 3085 negotiis
986 2999 1166 3066 institutum
1190 2997 1264 3078 fuit,
1295 3015 1356 3082 quo
1378 3013 1429 3063 ro

186 3105 251 3170 cari
284 3103 404 3189 possint
433 3103 577 3190 Episcopi
611 3104 750 3189 sacrique
774 3106 919 3172 Pastores
956 3123 1027 3170 cum
1050 3121 1069 3170 a
1091 3103 1221 3189 privatis
1253 3101 1432 3168 hominibus

185 3209 240 3293 qui
261 3206 301 3274 iis
323 3208 466 3288 subsumt,
489 3208 558 3274 tum
580 3228 599 3274 a
621 3208 754 3293 publicis
776 3208 1027 3294 magistratibus,
1058 3207 1095 3274 ut
1116 3203 1237 3274 reorum
1260 3206 1361 3272 instar
1379 3205 1432 3290 ju·

186 3313 302 3380 dicium
324 3313 511 3394 sustineant,
534 3313 568 3379 et
588 3313 621 3378 in
644 3313 789 3380 exercitio
811 3312 985 3398 spiritualis
1007 3312 1144 3379 muneris
1157 3312 1376 3410 coerceantur.

290 3416 342 3483 Sic
367 3417 508 3484 Ecclesia
539 3417 657 3485 Christi
690 3419 906 3499 sanctissima,
941 3417 991 3484 cui
1021 3416 1210 3484 solemnibus
1244 3415 1339 3480 etiam
1368 3415 1430 3480 ite·

187 3522 325 3608 ratisque
362 3541 577 3608 supremorum
614 3523 796 3609 Principum
832 3523 1066 3611 sponsionibus,
1103 3519 1296 3606 publicisque
1329 3517 1431 3602 puetis

118 3637 119 3640 ’
187 3627 345 3693 conventis
386 3629 506 3693 assarta
546 3627 649 3714 iuerat
688 3627 862 3695 necessaria
895 3629 928 3694 et
960 3627 1052 3713 plena
1087 3623 1248 3711 religionis
1282 3621 1430 3700 libertas,

188 3751 269 3796 nunc
301 3731 391 3815 luget
423 3732 456 3798 in
486 3731 525 3798 iia
557 3732 632 3800 locis
659 3735 743 3800 omni
776 3753 832 3799 auo
866 3733 999 3818 spoliata
1036 3733 1124 3816 jure,
1158 3730 1190 3795 et
1223 3727 1344 3794 infestis
1377 3727 1430 3794 ob-

187 3832 277 3901 noxia
305 3835 424 3902 viribus
453 3854 533 3920 quae
561 3839 732 3904 orhemum
760 3836 809 3903 illi
838 3837 995 3904 minantur
1022 3834 1193 3911 excidium
1221 3853 1319 3900 nonae
1348 3830 1431 3896 enim

188 3939 269 4022 tepea
298 3959 333 4006 eo
356 3941 517 4024 pertinent
543 3963 583 4008 ue
609 3944 749 4026 amptius
774 3943 890 4026 poseit'
904 3943 1046 4008 existere.
1098 3939 1157 4006 Nit
1186 3937 1304 4004 mimum
1331 3935 1430 4019 iqitur

187 4045 270 4126 qaod
290 4044 442 4130 retiqtoea
462 4048 681 4129 tranquillitas
695 4049 839 4131 prutina
865 4047 1008 4131 promtu
1030 4065 1064 4114 eo
1085 4047 1121 4110 in
1142 4042 1283 4126 Imperio
1301 4045 1429 4123 pertur-

92 4213 93 4220 ,
188 4147 262 4215 butu
280 4149 379 4233 luerit
399 4149 439 4217 ao
460 4151 640 4235 tanimundi
661 4153 779 4237 tepiboa
800 4151 936 4234 aliisque
957 4149 1129 4216 Borussici
1150 4145 1307 4214 Gubemi
1328 4144 1428 4210 masi-

189 4253 246 4319 liis
268 4259 298 4320 et
318 4253 441 4322 cettheo
462 4253 625 4321 Baetem
645 4255 879 4338 utsmatsaimis.
916 4254 962 4322 At
983 4251 1226 4336 perturbationis
1249 4247 1343 4334 hujus
1365 4247 1430 4314 cul-

188 4376 259 4440 pam
293 4375 453 4444 perperam
485 4359 609 4426 omniuo
643 4359 794 4444 conjicere
821 4359 891 4444 quis
919 4357 1015 4425 vellat
1043 4357 1075 4422 iu
1106 4352 1283 4422 Germanici
1304 4351 1428 4436 Imperii

87 4481 91 4488 ·
190 4460 377 4529 Catholicos.
421 4462 506 4529 Nam
528 4461 556 4527 si
570 4461 640 4528 istis
655 4463 731 4529 vitio
753 4463 935 4530 vertendum
957 4463 1017 4541 est,
1037 4459 1119 4544 quocl
1139 4456 1262 4543 legibus
1283 4455 1348 4522 illis
1370 4471 1428 4520 nou

189 4565 397 4648 acquiescant,
419 4565 532 4651 quibus
560 4565 647 4634 salva
668 4567 856 4634 couscientia
884 4566 1079 4651 acquiescere
1101 4562 1273 4648 nequeunt,
1301 4559 1370 4644 pari
1392 4557 1429 4623 cle
