2990 4934
180 106 242 171 228
349 122 512 193 Scbddrep.
539 123 607 180 Das
626 123 772 180 Studium
789 126 842 180 des
861 121 1099 180 Ktrobeurecbts
1121 126 1158 178 tu
1174 119 1261 178 Rom.

179 297 277 376 teriis,
300 314 379 380 quae
401 315 470 360 cum
490 293 560 378 jure
577 294 661 360 cirili
679 314 856 364 communes
878 297 962 376 suut,
985 293 1201 378 dispositiones
1219 291 1302 375 juris
1321 288 1414 354 civilis

180 401 286 466 valent
308 401 340 466 et
353 419 409 483 pro
429 401 498 484 jure
521 399 666 467 canonico
688 420 807 486 quoque
829 401 892 467 vim
916 402 948 466 et
970 397 1189 466 auctoritatem
1211 395 1341 462 habeut.
1364 395 1415 457 nt

119 591 122 598 .
180 505 234 590 qui
252 505 304 588 jus
326 505 416 570 ciuile
439 493 544 588 aperte
567 505 653 584 dicit,
680 525 729 572 res
750 505 879 572 mobiles
903 524 965 571 non
986 503 1155 589 fungibiles
1177 501 1263 566 licite
1287 517 1415 565 commo

180 608 377 692 deripuere,
410 608 542 698 pallium
558 611 613 682 ,est
635 628 703 689 res,
737 629 816 694 quac
839 628 900 675 una
929 610 996 684 ‚vice
1023 627 1084 675 non
1111 605 1319 690 persumitur,
1349 620 1415 684 crgo

163 711 277 778 'etiarn
300 712 487 786 commodari
510 714 622 796 potest.
836 705 843 728 '
1081 721 1083 724 ’

283 847 317 908 2.
341 841 438 908 Ratio
461 842 627 908 dubitandi
649 863 687 908 ecc
708 843 765 908 boc
788 863 865 908 cusu
886 843 1008 908 desum
1024 846 1137 923 potest.

178 972 183 984 ¹
283 961 356 1028 Sine
390 963 483 1028 dubio
517 963 774 1046 Archiepiscopus
808 963 941 1028 alterum
976 960 1247 1044 Archiepisoopum
1272 957 1315 1023 ad
1342 957 1416 1020 cele·

180 1067 299 1132 brauda
322 1067 501 1132 solemniter
524 1085 612 1132 sacra
646 1048 796 1150 mysteria
823 1066 856 1130 iu
879 1083 935 1130 sua
958 1063 1114 1156 provincia
1143 1063 1278 1128 invitare
1308 1061 1413 1144 potest.

182 1169 297 1254 Quodsi
321 1170 372 1235 bic
394 1169 544 1235 invitatus
568 1169 824 1254 Arehiepiscopus
850 1169 979 1252 pallium
1003 1185 1094 1232 suum
1117 1167 1196 1232 forte
1224 1183 1334 1230 secum
1356 1182 1414 1246 por·

182 1276 249 1340 tare
273 1273 389 1339 oblitus
417 1276 479 1354 est,
513 1294 568 1339 cur
591 1275 685 1340 altori
712 1291 772 1338 non
795 1274 903 1350 liceat,
938 1271 1011 1338 huie
1043 1289 1134 1335 suum
1167 1270 1265 1353 ipsius
1290 1267 1413 1353 pallium

182 1375 354 1443 amicaliter
378 1377 592 1444 commodare?
721 1424 722 1432 .
880 1369 882 1374 ’

282 1481 427 1548 Secunda
445 1503 526 1565 pare
549 1481 713 1548 decisionis
727 1483 763 1548 lt.
782 1483 816 1548 P.
840 1485 925 1547 erat:
950 1481 1041 1546 baec:
1066 1477 1250 1561 imperabat,
1274 1479 1314 1541 ut
1330 1493 1414 1540 unus·

179 1587 309 1670 quisque
323 1586 580 1670 Arcbiepisoopus
600 1606 669 1651 cum
682 1606 736 1652 suo
752 1587 875 1671 proprio
887 1586 981 1669 pallio
994 1586 1065 1667 post
1082 1584 1213 1648 mortem
1226 1581 1413 1664 sepeliretur.

284 1711 326 1778 11.
352 1715 467 1780 Contra
490 1717 571 1782 bauo
594 1715 757 1781 decisionis
781 1715 950 1782 secuudum
973 1703 1093 1797 partem
1119 1711 1212 1796 objici
1235 1713 1358 1794 potest:

159 1907 167 1924 ἱ
287 1837 314 1902 l.
339 1835 383 1900 liu
408 1835 540 1902 historia
562 1837 695 1918 scimus,
719 1839 817 1902 Beato
839 1836 1001 1915 Materno,
1027 1835 1167 1920 episcopo
1192 1829 1412 1899 Trevirensiin

180 1936 348 2004 Germania
381 1940 509 2006 missum
544 1941 639 2007 fuisse
670 1942 797 2026 pallium
822 1959 840 2006 a
862 1941 962 2006 Beato
982 1939 1095 2016 Petro;
1121 1958 1157 2004 eu
1189 1957 1249 2024 quo
1271 1935 1413 2020 sequitur,

177 2042 229 2125 jus
252 2043 396 2126 portandi
417 2045 547 2128 pallium
571 2050 629 2110 non
657 2047 722 2110 tam
745 2063 892 2128 personae
923 2062 1016 2127 quam
1041 2041 1191 2127 dignitati
1215 2039 1410 2124 archiepisco

180 2146 244 2231 pali
265 2165 418 2220 annexum
439 2167 523 2226 esse3
546 2169 582 2214 ex
597 2149 668 2214 iude
689 2149 769 2214 illud
792 2166 912 2232 quoque
931 2147 1079 2231 sequitur,
1102 2145 1183 2230 quod
1205 2145 1337 2230 pallium
1352 2157 1412 2205 curu

182 2249 410 2336 archiepiscopo
444 2255 567 2340 urortuo
600 2251 722 2336 sepeliri
756 2271 814 2318 non
838 2252 959 2344 debere,
985 2251 1147 2335 propterea
1176 2250 1250 2334 quia
1283 2245 1411 2334 dignita

181 2353 452 2439 archiepiscopalis
473 2356 572 2440 perire
600 2375 659 2422 non
685 2357 797 2440 potest.
1102 2431 1108 2438 ,

285 2478 315 2542 2.
338 2476 439 2560 Objici
454 2479 574 2561 potest:
597 2475 765 2561 Utriusque
786 2465 1068 2562 juris'principium
1089 2477 1151 2555 est,
1173 2474 1327 2542 neminem
1351 2485 1409 2536 cun

182 2579 320 2644 aestibus
343 2581 375 2646 et
397 2581 585 2646 ornamentis
606 2600 671 2647 esse
695 2581 915 2664 sepeliendum,
939 2581 1021 2665 quod
1042 2581 1191 2665 probatur
1214 2597 1250 2644 ex
1269 2578 1294 2661 j.
1318 2590 1410 2642 caesa·

182 2701 235 2748 rec
257 2701 292 2748 er
314 2683 336 2749 l.
360 2684 477 2766 siquis
502 2685 551 2751 14.
575 2685 604 2769 §-
627 2704 685 2752 uon
718 2687 824 2753 autem
846 2685 878 2752 ff.
902 2685 941 2752 de
970 2685 1139 2774 religiosis,
1168 2684 1217 2749 lex
1239 2700 1327 2748 serre
1351 2676 1409 2742 112.

182 2786 211 2870 ὅ.
234 2785 292 2850 ult.
315 2787 347 2852 ff.
371 2787 407 2852 da
431 2788 526 2872 legat.
550 2790 585 2870 1.,
609 2790 629 2856 l.
654 2790 711 2857 ult.
728 2789 756 2874 ἕ.
774 2790 886 2856 mulier
907 2789 940 2857 ff.
963 2791 1002 2856 de
1024 2809 1099 2856 auro
1122 2790 1155 2855 et
1169 2789 1289 2873 argent
1314 2782 1407 2868 regat,

183 2889 366 2973 argumento
388 2889 467 2974 legis
486 2910 560 2956 »neo
575 2891 726 2975 amplius«
745 2894 776 2958 ff.
795 2893 834 2959 ad
857 2892 958 2978 legem
978 2893 1159 2959 Falcidiam.
1183 2892 1261 2958 Jure
1277 2887 1410 2958 canonico

183 2991 215 3056 id
238 2993 418 3062 constater
442 3011 467 3059 c.
490 3012 580 3060 nemo
603 2995 654 3061 39.
679 2994 717 3062 de
739 2998 907 3064 consecrat.
938 2995 1077 3062 distinct.
1103 2998 1129 3060 l.
1155 2995 1290 3064 Concilio
1311 2990 1408 3062 Antis·

183 3095 259 3162 aiod.
282 3114 349 3164 con.
374 3097 424 3162 12.
463 3097 531 3162 Non
555 3097 631 3164 licet
654 3099 720 3166 uelo
743 3100 793 3166 uel
813 3100 906 3183 pallis
932 3119 1060 3184 corpora
1082 3102 1274 3167 mortuorum
1296 3092 1407 3166 involvi.

182 3201 294 3292 dvern.
319 3219 385 3270 can.
407 3203 454 3268 3.:
485 3200 735 3282 Observandum,
766 3222 804 3270 ne
826 3204 918 3288 pallis
940 3205 989 3271 vel
1017 3203 1198 3272 ministeriis
1227 3204 1339 3271 divinis
1359 3199 1405 3263 do·

182 3305 357 3371 functorum
381 3306 562 3388 corpuscula
585 3306 797 3373 obvolvantur.
832 3307 1036 3374 Bituricensis
1059 3327 1125 3374 can.
1151 3309 1201 3374 13.
1225 3309 1331 3374 Refert
1351 3306 1407 3370 An-

181 3409 285 3476 tonius
307 3409 442 3493 August.
474 3409 505 3474 in
536 3410 680 3494 epitomis
707 3412 787 3494 juris
820 3413 977 3481 Pontificii
1004 3413 1074 3481 libr.
1113 3413 1161 3479 17.
1195 3414 1246 3480 tit.
1279 3414 1310 3478 3.
1343 3405 1407 3474 fou

183 3509 422 3596 chrysostomus
444 3513 476 3578 iu
498 3513 695 3582 humiliabi.
718 3517 751 3582 in
771 3517 941 3584 loannem:
969 3517 1037 3583 »Tu
1059 3535 1127 3584 cum
1152 3516 1295 3596 audieris,
1317 3507 1407 3594 inquit

181 3614 233 3680 bic
255 3615 382 3695 Ductor,
403 3617 538 3681 nondum
559 3616 727 3683 Dominum
752 3621 963 3716 resurrexisse,
986 3638 1082 3699 cessa,
1104 3638 1227 3704 quaeso,
1251 3620 1289 3686 ab
1313 3620 1406 3684 nucu

127 3737 130 3744 ’
181 3718 296 3786 funeris
319 3719 459 3802 impensa
480 3720 553 3803 quia
575 3720 634 3790 sibi
650 3721 709 3787 boe
723 3724 912 3806 superfluum
936 3724 1004 3790 vult
1027 3725 1060 3788 et
1080 3721 1194 3790 inutile
1215 3721 1405 3808 dispendium

181 3821 261 3904 quod
285 3822 370 3906 ipsis,
393 3822 445 3906 qui
468 3825 605 3907 faciunt,
627 3826 798 3910 plurimum
821 3829 913 3896 affert
935 3828 1125 3908 detrimenti,
1149 3829 1279 3896 mortuis
1300 3825 1404 3893 nullam

181 3925 353 4012 utilitatem
375 3927 423 3993 rel
447 3927 593 3997 damnum
616 3931 727 4014 potius.
773 3931 804 4000 S.
827 3932 1034 4018 Hieronymus
1057 3934 1090 3998 in
1113 3933 1177 3998 vita
1199 3932 1306 4008 Pauli:
1336 3929 1405 3994 llor-

182 4029 252 4094 tuos
274 4031 392 4096 auratis
414 4031 606 4098 obvolvimus
629 4035 783 4114 vestibus;
808 4055 862 4101 cur·
877 4038 1008 4104 ambitio
1030 4038 1112 4103 inter
1133 4037 1280 4103 lacrimas
1301 4035 1403 4102 luctus·

95 4189 102 4203 ,
180 4150 239 4215 quc
262 4151 322 4198 non
344 4136 457 4202 cesset:
481 4137 631 4204 cadavera
652 4138 795 4218 divitum,
818 4141 878 4207 nisi
892 4141 926 4207 iu
939 4142 1035 4208 serico
1050 4145 1225 4226 putrescere
1248 4136 1403 4206 nesciunt‹

180 4234 347 4304 Illustrant
368 4239 531 4305 Ferrarius
553 4241 621 4306 libr.
644 4243 674 4308 3.
701 4261 821 4308 »rerum
845 4244 1036 4328 quotidiam«
1062 4263 1131 4329 cap.
1153 4245 1203 4310 18.
1231 4243 1333 4310 Julius
1352 4239 1402 4304 bu·

181 4359 271 4404 rorus
307 4341 426 4406 »sonae
457 4343 705 4410 lucubrationes«
739 4346 790 4412 tit.
814 4349 843 4414 2.
876 4367 943 4432 cop.
969 4350 996 4414 l.
1027 4368 1111 4418 uum.
1137 4351 1187 4417 11.
1233 4347 1333 4433 Igitur
1356 4355 1402 4407 nou

180 4441 256 4508 licet
278 4443 374 4510 etiarn
397 4445 671 4532 Arcbiepiscepum
695 4470 764 4517 cum
788 4452 884 4535 pallio
907 4453 1046 4538 sepelire.
