3078 4934
146 81 200 172 Pu
216 115 277 185 Pe.
295 117 348 174 ΙΧ.
368 119 463 174 c'oasl.
489 119 521 173 V.
541 117 674 176 Kalend.
692 87 860 192 Septemlr.
879 121 954 177 1873
972 139 1039 193 sup.
1057 127 1115 180 nic.
1135 127 1230 196 capit.
1291 110 1352 175 183

79 291 329 377 ..Imperatores
343 292 416 372 sint,
440 292 504 360 sire
526 291 641 377 Rupes,
665 293 731 360 siue
753 292 865 376 Duces,
890 295 938 362 nel
959 295 1144 380 Praesides,
1176 303 1205 364 et
1226 319 1354 382 mumo-

101 397 279 481 documque
301 405 532 482 rennecrpautur,
555 400 609 484 qui
632 421 670 466 eu
691 398 724 466 S.
747 399 839 468 Sedis
861 404 1075 483 concessimce,
1105 425 1160 470 seu
1186 403 1355 488 puellepto

93 502 179 583 pure
198 502 335 586 pandent
357 503 559 583 nominandi,
588 511 618 570 et
643 506 874 586 praesentandi
904 507 947 572 ed
975 505 1070 574 Sedes
1092 507 1300 590 Episcopatus
1321 509 1356 582 ta

103 606 177 671 suis
198 607 379 690 respectiois
400 609 571 676 ditionibus
592 615 754 690 uocantes,
787 610 941 677 abolentes
962 613 1097 693 idcirco,
1129 619 1304 694 cassania,
1328 619 1356 678 et

95 710 233 793 paritas
252 713 453 780 auscultantes
474 735 581 793 cesum,
605 735 660 780 seu
677 715 787 796 potius
809 715 941 782 clusum
962 716 1019 782 sut
1041 719 1150 799 quouis
1169 717 1277 798 titulo,
1307 717 1356 784 uel

96 822 272 896 praetenso
295 823 324 884 et
345 824 465 884 asserto
480 819 660 903 prioilepio,
685 820 824 902 quaesito
848 820 958 901 colore,
984 828 1013 887 et
1034 841 1225 906 quaerentque
1247 841 1353 900 causa,

104 922 181 986 lieet
201 922 335 1002 speciali
356 929 386 988 et
408 919 731 1006 cupressa'meutione
752 923 863 1008 dipem,
894 928 928 990 iu
951 926 1138 1008 quibasdam
1159 927 1280 1010 Repuis
1301 945 1356 992 seu

105 1026 290 1109 repionibus
306 1029 499 1110 praesertim
519 1029 699 1112 loupiuquis
720 1029 881 1110 irroretum,
908 1051 967 1112 quo
990 1029 1171 1112 Capitulum
1193 1029 1356 1098 Ecclesiae

105 1131 314 1199 (latledralis
335 1133 480 1198 caecutis
502 1132 670 1216 obsequens
692 1135 872 1200 irroitatioui
893 1156 949 1200 scu
971 1135 1137 1215 mandato,
1161 1135 1233 1202 licet
1254 1133 1355 1202 culis

105 1237 341 1318 deprecatoriis
356 1243 508 1318 concepte,
534 1258 699 1319 supremae
714 1240 817 1304 ciuilis
831 1239 998 1320 potestatis
1013 1239 1186 1320 concedere,
1209 1244 1237 1304 et
1251 1243 1355 1306 trans-

102 1343 197 1423 ferre
213 1342 407 1422 praesumit,
440 1362 477 1406 ac
498 1343 536 1406 de
555 1329 641 1426 fdcto
669 1343 806 1409 concedit
831 1349 859 1408 et
883 1345 1036 1425 transfert
1057 1345 1092 1408 in
1113 1345 1307 1410 nominatim
1328 1351 1358 1409 et

98 1450 346 1530 praesentatum
375 1445 419 1511 ad
449 1447 589 1512 eamdem
612 1445 790 1514 Ecclesiam
822 1447 912 1536 illius
934 1427 1060 1525 curam,
1089 1450 1227 1534 repimeu
1249 1453 1277 1513 ct
1299 1447 1357 1514 ad·

107 1551 385 1628 ministrationem,
410 1570 537 1632 camarae
557 1553 740 1622 umuiuatus
761 1559 791 1616 et
809 1557 1032 1633 praesentatus
1054 1552 1111 1618 sub
1132 1555 1256 1618 oramine
1276 1549 1357 1618 Pro·
1441 1592 1444 1601 ι
1465 1587 1467 1594 v

107 1654 247 1734 viseris,
282 1653 405 1720 Vicarii
435 1653 617 1734 Generalis,
649 1655 749 1720 aliove
776 1655 901 1722 nominee
926 1655 1099 1738 perandum
1127 1657 1261 1737 suscipit
1287 1659 1358 1721 arete

108 1743 335 1825 cellcunran
356 1758 552 1824 Litterarum
574 1757 841 1840 Apostolicorum,
864 1761 911 1826 ati
932 1760 1082 1842 superius
1104 1760 1222 1826 dictum
1242 1766 1296 1839 est,
1319 1762 1357 1827 de

107 1885 198 1930 more
214 1863 413 1946 faciendam,
444 1869 559 1930 reputo
582 1862 720 1946 proinde
748 1863 876 1932 Vicario
899 1863 1100 1948 Oapitulari,
1131 1867 1187 1948 qni
1207 1887 1246 1932 ea
1265 1866 1356 1949 juris
1390 1849 1392 1862 ¹

109 1967 317 2049 dispositione
340 1973 401 2033 toto
425 1973 561 2048 tempore
588 1968 763 2033 uacationis
785 1967 948 2035 Ecclesiae
970 1990 1039 2034 cam
1061 1969 1293 2050 administrare,
1319 1991 1357 2036 ac

108 2093 219 2157 repere
241 2071 336 2138 delet.
382 2071 613 2154 Confirmautes
641 2079 746 2139 autem
776 2073 845 2138 alia
874 2075 968 2140 etiam
989 2071 1197 2142 Decessorum
1220 2075 1354 2140 Nostra·

107 2198 202 2259 runc,
232 2181 261 2242 et
279 2177 469 2258 praesertim
489 2195 542 2242 sa:
564 2198 629 2242 nce:
652 2176 709 2242 Pii
736 2176 811 2243 VII.
835 2176 970 2244 Decreta
993 2185 1021 2243 et
1043 2179 1280 2260 dispositiones,
1303 2179 1357 2244 de-

108 2281 273 2348 claramus
295 2285 323 2346 et
350 2281 560 2358 deceruimus,
588 2286 622 2346 ut
644 2281 674 2346 si
703 2281 824 2346 interea
852 2281 1000 2348 Vicarius
1027 2281 1228 2364 Capitnlams
1249 2283 1354 2350 deces-

107 2387 208 2466 serit,
231 2391 286 2451 aut
307 2391 414 2468 sponte
435 2406 495 2452 sua
517 2386 640 2451 muneri
662 2386 903 2469 renuntiaverit,
936 2393 990 2452 aut
1011 2407 1050 2454 ece
1072 2387 1140 2453 alia
1161 2407 1260 2454 cansa
1281 2388 1354 2470 ofri-

109 2493 198 2558 cium
219 2491 324 2573 ipsum
347 2489 479 2573 lepitiure
508 2491 685 2570 amaverit,
715 2497 788 2556 tunc
817 2490 1013 2573 Capitulum,
1041 2493 1089 2559 uel
1111 2492 1257 2576 Capitale
1279 2491 1356 2574 dept-

108 2598 224 2676 ciente,
249 2596 303 2678 qui
326 2599 512 2678 potestatem
534 2593 624 2661 labet
646 2595 818 2676 deputandi
847 2597 1001 2662 vocandis
1023 2596 1186 2665 Ecclesiae
1207 2595 1356 2664 Admini-

107 2707 288 2780 stratorem,
312 2719 366 2765 seu
394 2698 567 2779 Vicarium,
589 2720 704 2766 rtooum
726 2700 851 2783 quidem
871 2701 1043 2780 licerium,
1065 2701 1114 2767 nel
1134 2701 1355 2768 Administra-

107 2815 208 2874 tcrem
229 2805 338 2888 clipat,
368 2825 529 2886 unusquam
556 2826 628 2870 vero
655 2805 782 2870 electum
803 2805 838 2870 iu
860 2805 1056 2888 Episcopum
1078 2829 1098 2872 a
1122 2805 1281 2890 Capitulis
1302 2810 1358 2870 cut

108 2935 132 2978 a
155 2911 240 2980 laica
257 2914 409 2992 potestate
428 2909 699 2982 noueiuotmuseu
717 2915 954 2990 praesentatum
976 2911 1020 2977 ad
1040 2910 1159 2976 dictam
1180 2909 1357 2976 Ecclesiam
1392 2995 1394 3002 y

107 3019 283 3093 amantem,
307 3015 397 3098 cujus
420 3012 597 3079 electionem
620 3033 658 3079 ac
679 3013 925 3094 deputaturum,
950 3015 980 3098 si
1002 3036 1072 3080 earn
1094 3013 1286 3097 Capitulum,
1309 3013 1358 3078 uel

108 3122 208 3200 alias,
231 3119 278 3186 uti
299 3139 411 3200 supra,
432 3138 584 3201 perapere
600 3119 855 3200 praesumpserit
877 3137 1060 3198 cassamus,
1082 3119 1306 3198 auscultamus,
1328 3123 1358 3184 et

111 3225 239 3293 omnim
260 3223 389 3288 irritam
411 3221 618 3287 declaramus.
1155 3269 1159 3280 .

219 3325 410 3395 Confidimus
433 3327 540 3392 autem
563 3323 761 3409 Dignitatos,
791 3326 823 3390 ct
848 3324 1017 3392 canonicos
1039 3323 1273 3392 cathedralium
1296 3325 1357 3389 Ec·

111 3434 280 3502 clenarum
304 3431 495 3510 vacantium,
532 3447 568 3493 ac
590 3427 661 3494 illos
683 3429 756 3511 qui,
789 3427 1003 3494 deficientibus
1025 3427 1192 3512 Capitulis,
1219 3429 1358 3496 Vicarios

112 3539 284 3623 deputant,
315 3537 371 3602 ant
394 3536 540 3601 vacantes
564 3525 718 3600 Ecclelias
740 3533 881 3618 legitime
909 3530 1142 3614 administrant,
1175 3534 1265 3632 plene
1290 3553 1358 3600 exe-

112 3645 265 3730 quutaros
287 3660 365 3726 quae
395 3639 480 3704 hisce
501 3639 626 3704 Nostris
649 3639 778 3716 Litteris
803 3637 962 3704 declarata
985 3640 1017 3704 et
1039 3639 1163 3705 decreta
1185 3640 1275 3717 sunu
1304 3639 1359 3704 nbi

113 3768 205 3827 vero,
228 3746 310 3832 quod
333 3746 417 3811 Deus
440 3745 580 3823 avertat,
603 3763 640 3810 ca
662 3744 769 3827 exequi
794 3741 1052 3823 detrectaverint,
1082 3743 1304 3809 reconcedere
1327 3745 1360 3809 et

113 3853 283 3920 transieris
305 3851 337 3916 in
360 3849 554 3915 nominatum
577 3850 610 3915 et
632 3849 862 3932 praesentatum
888 3847 927 3913 ad
949 3848 1090 3914 eamdem
1106 3847 1276 3915 Ecclesiam
1293 3848 1360 3932 ejus

114 3977 240 4040 curam,
275 3956 415 4042 regimen
446 3955 478 4020 ct
512 3953 814 4020 administrationem
848 3951 904 4018 sub
938 3954 1046 4038 quovis
1079 3953 1191 4032 titulo,
1227 3952 1359 4030 nonina,
1405 3961 1407 3968 '
1527 3945 1528 4008 l

114 4063 256 4148 quaesito
279 4061 380 4127 colore
404 4059 472 4125 ausi
493 4057 627 4138 tuerint,
658 4060 781 4144 praeter
804 4057 982 4124 nullitatem
1002 4057 1069 4140 Jam
1091 4056 1249 4123 decretam
1271 4075 1359 4140 prae·

114 4168 218 4234 dictae
240 4165 443 4232 concessionis
458 4165 490 4230 et
505 4163 730 4246 translationis,
754 4163 908 4248 praelatos
932 4161 1101 4229 Canonicos
1123 4181 1159 4228 ac
1182 4161 1361 4247 Dignitatcs

115 4269 441 4340 excommunicationis
463 4269 602 4354 majoris,
626 4289 681 4335 noc
703 4289 763 4335 non
786 4267 968 4352 privationis
990 4269 1147 4334 tactuum
1164 4267 1362 4334 Ecclesiasti-
1441 4347 1445 4354 μ
1517 4295 1520 4302 ·

116 4396 224 4444 coram
248 4375 467 4444 beneficiorum
490 4393 764 4458 quorumcumque,
788 4372 980 4458 aliorumque
995 4373 1174 4439 rediturum
1190 4371 1361 4438 aeclesias-

116 4484 250 4549 ticorum
275 4501 329 4566 per
352 4500 402 4545 eos
424 4479 594 4564 respective
618 4477 831 4559 obtentorum,
860 4477 1003 4543 similiter
1026 4497 1060 4544 eo
1082 4479 1148 4561 ipso
1170 4475 1361 4542 incurrendis
