2990 4934
209 165 273 230 234
381 181 541 254 Sclcddrep.
575 183 639 240 Dos
659 181 803 240 Studium
823 184 875 240 dee
892 181 1129 239 Ktrcteccrectls
1150 186 1185 238 tn
1205 183 1290 242 Rom.

208 355 356 420 Lucensis
377 355 408 420 in
431 353 571 421 Francia.
596 354 738 421 Clemens
761 354 831 421 XII.
854 354 892 420 o'o
911 346 1070 439 praecisio
1091 356 1226 442 episcopi
1241 356 1442 425 Massiliensis

209 459 241 523 in
264 458 425 524 ecelesiam
449 457 571 538 merite,
594 459 753 543 personale
783 458 982 543 privilegium
1004 459 1105 526 eidem
1129 463 1279 526 concessit
1304 462 1442 546 gestandi

207 563 349 648 pallium,
370 581 526 648 quousque
549 563 667 630 uiueret
687 564 829 647 idemque
853 563 994 629 Pontifex
1006 565 1286 649 perpetuumpollii
1302 567 1441 630 honorem

209 665 322 734 detulit
343 667 492 752 episeopis
506 666 655 734 Aretinis.
671 703 707 714 -
726 667 796 734 Une
818 685 908 752 porro
930 687 999 734 cum
1017 667 1112 752 pallio
1127 668 1281 734 interdum
1307 669 1442 736 occessit.

197 770 359 865 'episcopis
390 769 606 857 proerogatira
644 769 772 838 sedendi
801 771 911 838 stetim
941 775 1011 855 post
1052 769 1331 856 Metropolriennm
1361 794 1442 856 supra

209 876 343 962 reliquos
364 895 439 942 ense
461 875 636 960 provinciae
659 874 825 960 episcopos.

309 979 423 1061 Quaeri
446 981 498 1046 hic
520 982 638 1064 potest,
670 982 776 1046 ntrunr
798 978 982 1064 patriurchis
1005 981 1038 1046 et
1058 981 1296 1066 archiepiscopis
1321 981 1355 1046 in
1383 1001 1443 1064 per-

207 1083 291 1155 tibus
312 1083 485 1152 infidelium
509 1085 613 1164 liceat,
636 1084 767 1170 pallium
790 1086 939 1170 portare?

312 1188 500 1256 Benedictus
520 1181 605 1257 less
625 1189 658 1254 in
679 1207 734 1256 suo
757 1207 846 1273 opere
861 1187 1013 1256 laudabili
1031 1187 1087 1254 »de
1103 1188 1225 1275 Synodo
1247 1189 1441 1256 dioecesanos«

209 1290 288 1358 libro
311 1292 354 1360 Il.
378 1293 478 1377 sepite
501 1293 554 1360 Vl.
578 1293 657 1358 lrdnc
678 1293 889 1378 quaestionem
905 1293 1050 1378 negetiue
1072 1292 1165 1358 soluit
1188 1291 1310 1382 dicens:
1340 1293 1442 1360 »Pallii

208 1395 321 1462 honore
344 1416 403 1462 non
418 1397 562 1468 fruentur
576 1397 772 1481 patriarches
787 1397 820 1463 et
834 1397 1066 1481 drohiepisoopi
1077 1397 1110 1462 in
1120 1398 1278 1482 pertitus«
1293 1400 1331 1464 et
1343 1398 1443 1463 deinde

207 1501 403 1586 prosequitur
424 1499 568 1566 laudatus
597 1502 633 1568 R.
668 1499 812 1568 Pontifex
836 1500 978 1584 sequenti
1009 1501 1115 1566 modo:
1148 1501 1271 1568 »Latini
1300 1501 1439 1568 titnlsres

208 1600 411 1673 Petriarolree
435 1591 801 1688 Constantinopolitanus
823 1603 1059 1683 Alexandrinus,
1082 1604 1293 1670 Antiochenus
1317 1607 1352 1672 et
1373 1605 1439 1669 Hie

209 1707 445 1792 rosolymitauus
475 1707 731 1792 quemadmodum
764 1709 796 1774 et
822 1707 1052 1792 Archiepisoopi
1086 1709 1137 1773 »in
1167 1708 1328 1793 pertibus«
1361 1709 1438 1793 pollii

209 1811 321 1878 honore
345 1831 403 1878 uon
426 1813 582 1880 duuntrrr:
614 1833 688 1880 usus
710 1813 791 1879 enirn
821 1813 910 1902 pollii
930 1814 1072 1898 propriae
1102 1815 1250 1899 cujusque
1272 1813 1439 1900 provinciee

209 1915 322 1982 tinibus
346 1915 620 1996 circumscribitur,
644 1920 680 1982 ut
704 1919 876 1984 constater
891 1918 958 1996 toto
979 1914 1074 1984 titulo
1088 1921 1192 1986 nostro
1207 1919 1245 1985 de
1260 1919 1438 1986 euotoriiete

209 2021 242 2085 et
264 2038 321 2086 usu
344 2020 450 2104 pellii;
474 2022 505 2086 tri
530 2024 634 2088 nutem
655 2041 761 2088 omnes
784 2023 870 2089 extre
885 2021 1072 2105 provinciam
1096 2041 1185 2090 susm
1208 2023 1437 2088 commorantur.

213 2123 293 2190 Sane
316 2125 485 2208 persolutis
512 2121 619 2193 diariis
642 2145 745 2192 rerum
768 2127 1027 2192 consistorialium
1053 2146 1145 2192 usum
1166 2125 1381 2220 tantummodo
1401 2125 1438 2188 ol·

210 2229 366 2296 fundimus
389 2232 563 2316 exemplum
586 2231 789 2298 concessionis
811 2231 912 2316 pellit·
932 2249 991 2315 quo
1014 2233 1168 2314 praelatos
1190 2231 1324 2317 quatuor
1347 2229 1437 2314 petri·

208 2334 318 2400 erches
340 2333 497 2402 decorarit
520 2337 662 2402 Olemens
684 2337 723 2403 X.
748 2336 888 2403 Pontifex
911 2335 942 2400 in
966 2333 1309 2412 consistoriosecreto,
1343 2333 1437 2398 habito

208 2437 258 2502 die
282 2438 433 2524 vigesima
456 2442 570 2506 mensis
593 2441 710 2524 Aprilis
739 2459 819 2506 enno
841 2440 1008 2508 millesimo
1031 2440 1250 2506 sexcentesimo
1276 2441 1435 2523 septuage-

134 2613 137 2620 ,
208 2542 285 2607 simo
300 2543 407 2627 primo.
439 2545 553 2610 Verum
569 2565 605 2610 eu
621 2544 772 2611 censendo
788 2545 837 2610 est
852 2544 1015 2628 peculiaris
1030 2544 1134 2628 gretie
1149 2544 1358 2627 praelatorum
1374 2545 1436 2607 tunc

209 2641 407 2713 existentium
430 2648 677 2731 patriarcharum
697 2647 835 2733 personis
857 2647 986 2714 tribute.
1010 2648 1055 2713 st
1076 2647 1201 2732 quidem
1223 2647 1393 2731 exemplum
1407 2643 1437 2708 o-

207 2748 261 2813 lud
281 2750 407 2815 minime
429 2751 527 2817 secuti
544 2756 617 2818 sunt
630 2755 820 2820 successores
838 2753 1014 2830 Pontific'ss,
1038 2752 1150 2836 quibus
1172 2751 1249 2818 setis
1270 2750 1334 2818 fuir
1351 2747 1436 2835 petri·
1474 2737 1475 2805 l

209 2851 310 2918 archis
325 2855 356 2920 et
372 2853 607 2940 archiepiscopis
624 2857 653 2922 in
671 2857 810 2941 portibus
832 2857 1004 2942 designetis
1020 2857 1052 2922 et
1066 2855 1253 2922 consecratis
1274 2853 1436 2940 indulgere,

208 2956 244 3021 ct
266 2957 380 3042 absquo
401 2957 514 3026 honore
536 2960 622 3044 pallii
650 2961 844 3044 putrierohse
866 2963 899 3026 et
921 2958 1151 3045 Archiepisoopi
1177 2961 1327 3044 appellari
1354 2975 1436 3041 eoque
1473 3039 1474 3046 ἵ

207 3059 300 3126 titulo
324 3061 371 3128 uti
396 3066 537 3146 possent,
569 3084 627 3130 non
658 3065 802 3131 obstante
834 3065 987 3130 contueris
1015 3065 1173 3130 senctione
1196 3065 1365 3132 lunooontii
1389 3061 1435 3127 lll.

208 3165 369 3232 Pontificio
391 3167 424 3232 in
449 3185 513 3252 cap.
541 3168 619 3234 »nisi
641 3169 800 3252 specialis«
827 3170 865 3235 de
888 3169 1074 3235 auctoritate
1096 3169 1130 3234 et
1151 3187 1210 3234 usu
1231 3167 1349 3253 pollii«

312 3271 415 3355 Usque
438 3271 538 3337 adhue
554 3271 728 3338 deductus
750 3273 891 3357 pertibus
913 3272 1030 3356 primae
1052 3272 1181 3338 rationis
1205 3271 1376 3348 dubitandi,
1398 3287 1432 3332 er.

207 3375 311 3439 utrum
334 3375 438 3454 liceat,
461 3375 590 3459 pellium
612 3377 772 3458 umquem
788 3391 837 3440 res
855 3373 978 3441 mobilis
994 3376 1193 3455 commodari,
1208 3393 1325 3441 necnon
1340 3381 1432 3440 utrum
1472 3451 1473 3454 Ἴ

207 3477 302 3544 licent
322 3479 452 3561 pellium
475 3478 668 3546 commodare
690 3481 814 3545 tentum
837 3479 870 3545 in
892 3497 929 3546 eo
951 3497 1035 3560 casu,
1057 3499 1117 3564 quo
1140 3499 1220 3546 unus
1242 3477 1432 3562 archiepisco
1472 3457 1473 3539 l

207 3601 264 3664 pus
287 3581 326 3647 ab
349 3584 448 3649 altero
470 3583 508 3648 ed
533 3583 718 3650 celebrande
740 3583 890 3650 solemnio
910 3583 1064 3652 sacrificis
1083 3585 1234 3650 inritatus
1256 3583 1289 3650 in
1311 3583 1431 3648 alienam

207 3685 396 3770 provinciam
419 3688 545 3771 pererit.

216 3833 220 3854 .
312 3789 389 3857 Cum
411 3789 511 3873 igitur
533 3791 590 3856 hoc
609 3791 865 3866 retutererimus,
888 3794 983 3876 etque
1006 3793 1200 3876 quaestiones
1223 3791 1261 3858 de
1288 3787 1430 3875 episcopis
1471 3813 1472 3864 l

206 3895 391 3978 patriarchis
406 3895 439 3961 et
453 3895 690 3980 archiepiscopis
707 3896 894 3980 inpartibus
910 3895 1082 3962 infidelium
1098 3897 1324 3974 requiescimus,
1347 3889 1431 3959 reeist
1471 3868 1472 3905 ¹

208 4019 289 4065 cunc
311 4001 473 4082 responsio
503 3999 542 4064 ed
571 4001 658 4065 illem
691 4003 842 4067 rationem
872 3999 1035 4066 dubitandi
1067 4019 1128 4083 que
1151 4001 1270 4068 dietum
1294 4001 1374 4066 eret:
1403 4012 1429 4058 er

207 4102 315 4169 multis
338 4102 505 4170 canonibus
528 4105 560 4168 et
575 4103 696 4188 legibue
719 4105 863 4170 civilibus
885 4104 1036 4183 condere,
1060 4123 1125 4170 osee
1147 4104 1347 4188 prohibitum,
1368 4115 1430 4183 quo

207 4205 309 4272 minus
331 4206 445 4290 uliquis
468 4226 537 4272 curn
561 4207 713 4288 vestibus,
743 4210 776 4275 et
804 4208 995 4276 ornamentis
1017 4210 1205 4294 sepelietur,
1235 4208 1282 4276 uel
1306 4207 1429 4272 mortuus
1470 4257 1471 4268 ,

206 4311 301 4396 pullio
324 4312 356 4378 et
377 4309 492 4376 divinis
514 4311 695 4377 ministeriis
718 4312 894 4379 obvelatum
921 4313 956 4378 iu
976 4313 1140 4397 sepulchro
1163 4311 1320 4380 condetur.

310 4413 361 4482 dd
375 4413 456 4478 hono
472 4413 634 4480 dubitandi
650 4416 801 4481 rationem
820 4418 926 4484 nostre
938 4417 1098 4502 responsio
1116 4416 1219 4483 brevis
1237 4417 1295 4494 est,
1312 4409 1428 4480 scilicet:

311 4517 371 4583 Pro
392 4515 504 4583 horum
526 4535 678 4585 cononum
700 4518 887 4604 expositione
904 4521 1011 4604 primo
1033 4519 1258 4589 obseruandum
1282 4519 1345 4597 est,
1371 4511 1427 4600 psl·
1469 4579 1470 4622 1
