3002 4924
388 157 511 228 namur
546 159 605 215 noe
624 145 1081 228 orsiooommormracooeo.
1282 138 1353 204 -393

151 343 154 350 ’
216 329 324 400 Priene
348 331 386 397 ud
410 329 613 414 absolvendas
633 329 753 398 animas
776 331 1000 398 defunctorum.

214 434 355 502 Secundo
378 437 415 501 ut
436 435 516 502 sciat
539 437 571 502 et
594 435 699 502 rideat
720 434 857 519 qualiter
886 434 1017 501 ecclesia
1048 434 1116 520 ipsa
1147 436 1355 520 spiritualiter

112 542 144 604 et
165 538 378 624 temporaliter
399 540 605 624 gubemetur;
626 539 780 624 quomodo
794 559 836 606 -se
858 539 973 605 habeat
993 538 1026 604 iu
1049 541 1254 624 ornamentis3
1276 559 1354 624 qua·

111 645 184 712 liter
206 643 251 710 ibi
272 643 483 711 ecclesiastice
505 643 709 711 Sacramenta
731 643 950 711 ministrantur
972 644 1005 710 et
1019 644 1125 710 divina
1138 643 1241 710 officia
1262 663 1353 728 pera-

111 749 243 833 guntur,
265 749 356 834 quale
378 750 541 816 servitium
563 749 706 834 (Dienst,
729 749 789 824 len
811 748 867 816 der
890 747 1005 814 Klerns
1033 748 1105 816 dem
1134 747 1353 814 himmlisohen

113 853 216 922 Herm
238 855 360 922 cruciet
380 875 407 922 r.
431 856 468 923 Β.
489 856 534 922 im
559 853 672 942 Chore)
693 855 738 920 ibi
768 853 979 938 impertitam
1009 853 1111 937 qualis
1139 852 1183 920 sit
1201 852 1268 919 rita
1290 854 1352 919 mi·

113 960 280 1027 nistrmnm
303 960 336 1024 et
357 957 472 1044 populi,
494 961 531 1026 ut
552 978 589 1028 ar
610 958 710 1026 cilicio
732 957 943 1042 inquisitionis
965 975 1040 1024 suae
1062 977 1116 1042 per
1138 975 1220 1037 eum,
1243 956 1271 1022 si
1292 977 1355 1042 qua

112 1063 145 1128 in
168 1063 345 1148 praemissis
368 1063 549 1149 corrigenda
571 1063 695 1145 tuerint,
718 1062 914 1148 aurigantur
935 1064 968 1129 et
989 1061 1201 1130 emendantur.
1453 1053 1457 1060 ’

142 1176 150 1190 ·
215 1167 323 1234 Tertio
345 1166 384 1252 ad
408 1166 577 1247 adulteria,
612 1166 840 1245 inminutiones,
875 1165 1049 1252 sacrilegia,
1083 1164 1288 1244 diuinationes
1321 1167 1354 1232 et

113 1270 228 1338 similia
251 1270 375 1355 publica
397 1270 429 1337 in
451 1271 563 1356 populo
585 1271 749 1356 punienda,
771 1271 811 1338 ad
829 1269 910 1355 quod
931 1270 1089 1337 interdum
1111 1289 1172 1338 non
1193 1271 1355 1342 sufficiunt

114 1374 314 1442 ecelesiarum
337 1377 480 1455 rectores,
515 1375 679 1444 estasim
701 1376 868 1462 diligenter
895 1375 1023 1460 popule,
1046 1393 1139 1459 quam
1162 1374 1353 1442 damnabilia

114 1481 147 1545 et
168 1478 352 1546 detestanda
373 1483 447 1547 sunt
469 1480 599 1546 crimina
621 1475 698 1564 ipsu.

215 1582 295 1648 Hier
316 1583 391 1649 uird
414 1581 562 1649 manetes
584 1581 687 1649 Krouz
710 1583 781 1649 dem
803 1579 979 1667 Suelscrger
1000 1583 1235 1667 abgenommeo,
1264 1585 1356 1650 ustor

113 1687 183 1754 dem
206 1707 240 1755 er
260 1688 353 1774 lange
375 1688 551 1774 vergeblioh
586 1689 743 1774 gescuirt3
776 1687 845 1754 hier
876 1688 952 1753 uird
986 1707 1012 1756 a.
1047 1689 1084 1756 B.
1118 1687 1196 1755 suci
1227 1689 1278 1756 dic
1299 1690 1356 1754 der

114 1791 348 1860 ChristcnIahre
370 1793 437 1860 sich
460 1791 690 1859 entiramdsnde
712 1791 838 1878 Jugend
859 1791 972 1858 wieder
994 1813 1170 1878 gononum.

216 1897 265 1962 Im
287 1897 485 1964 lranlrisehen
507 1895 623 1964 Reiclre
644 1897 833 1982 begieiteten
848 1896 907 1962 den
926 1897 1133 1964 uisitireuden
1156 1897 1287 1964 Biselroi
1304 1899 1355 1964 die

112 2001 202 2068 Missi
223 2001 390 2082 Dominici,
412 2003 458 2082 ut,
482 2019 559 2086 qnos
580 1999 780 2068 sacerdotalis
802 1999 971 2066 admonitio
992 2020 1052 2067 non
1074 2001 1174 2067 flectit
1202 2003 1241 2068 ad
1259 2002 1355 2086 justi·

112 2107 210 2185 tiam,
233 2107 348 2192 regalis
371 2107 507 2191 potestas
537 2105 577 2172 ab
610 2104 810 2189 improbitate
843 2106 985 2172 coerceat
1019 2105 1124 2188 (Cone
1159 2105 1353 2188 Areletsnse,

112 2210 185 2277 anni
205 2211 269 2276 813
292 2230 318 2279 c.
342 2209 827 2293 17.);oonsentientescomites
855 2209 888 2274 et
915 2208 1035 2293 judiees
1067 2209 1260 2295 praesulibus
1289 2211 1354 2276 suis

112 2314 152 2380 ad
173 2314 316 2400 justitias
337 2314 495 2380 itciendes
518 2308 623 2398 (cono.
646 2311 823 2399 Moguutin.
846 2312 1006 2378 anniti?
1029 2333 1054 2380 c.
1078 2315 1131 2400 7.).

216 2419 346 2504 Quarto,
370 2419 494 2504 propter
516 2435 616 2496 casus,
638 2417 692 2502 qui
714 2417 753 2482 de
781 2416 851 2501 jure
886 2417 936 2483 vel
966 2417 1187 2485 consuetudine
1212 2417 1252 2485 ad
1281 2418 1355 2504 lipi-

111 2542 236 2608 scopum
249 2523 413 2590 dumtaxat
426 2523 579 2608 pertinere
602 2523 780 2602 noscuntur,
802 2521 855 2606 qni
877 2522 910 2587 in
933 2522 1207 2590 constitutionibus
1222 2523 1353 2610 synoda·

110 2629 194 2696 libus
216 2630 423 2706 continentur,
444 2628 476 2692 in
500 2625 612 2710 quibus
633 2623 737 2690 nullus
760 2625 841 2691 alius
857 2625 988 2693 eointru
1002 2626 1129 2694 mittero
1150 2627 1261 2712 potest,
1284 2645 1354 2711 pro-

111 2733 232 2799 testans
252 2732 355 2818 plebi,
387 2730 468 2815 quod
501 2731 527 2796 si
548 2729 618 2816 quis
648 2730 696 2796 rel
729 2731 757 2794 si
784 2747 847 2814 qua
867 2729 899 2796 in
921 2728 1026 2816 aliquo
1055 2730 1193 2816 ipsorum
1214 2749 1352 2813 caenum,

110 2837 162 2904 rel
183 2836 216 2901 in
237 2854 430 2920 quocumque
452 2835 524 2916 alio,
547 2835 676 2902 musitio
698 2835 767 2920 ejus
788 2834 971 2921 indiguerit,
993 2837 1122 2920 paratus
1148 2837 1191 2903 sit
1221 2837 1354 2922 benigne

111 2940 273 3008 audisset
296 2940 459 3008 consilium
492 2942 526 3006 ct
558 2939 784 3006 absolutionem
818 2940 1005 3025 impendero,
1038 2943 1093 3007 eut
1128 2941 1352 3026 poenitentiam

110 3043 352 3112 misericorditer
372 3044 535 3130 iniungere
558 3043 738 3110 salutarem.

215 3150 330 3232 Quieto
352 3149 391 3215 ad
414 3148 618 3216 exhibendum
630 3151 859 3214 sacramentum
873 3149 1134 3230 Confinnationis,
1158 3150 1247 3235 cnjus
1268 3149 1353 3216 solus

111 3252 282 3337 Episcopus
304 3252 477 3319 ordinarius
499 3251 642 3318 minister
663 3253 721 3320 est.

216 3355 249 3444 β)
270 3355 389 3423 Deinde
410 3355 531 3422 inducit
552 3355 724 3440 diligenter
752 3357 896 3441 populum
919 3357 959 3422 ad
982 3355 1221 3442 poenitentium,
1251 3358 1284 3424 et
1305 3357 1353 3422 iu-

110 3460 208 3528 struit
230 3461 262 3528 in
286 3459 500 3528 ecelesiasticis
522 3459 727 3526 sacramentis
758 3462 791 3527 et
816 3460 850 3526 in
874 3461 1014 3528 articulis
1040 3461 1127 3542 fidoi,
1158 3465 1191 3528 ot
1217 3463 1353 3546 qualiter

109 3565 225 3632 debent
247 3566 402 3632 declinare
424 3584 443 3631 a
465 3565 546 3631 malo
569 3565 602 3630 et
624 3565 726 3631 lacere
746 3566 871 3646 bonum,
894 3565 1094 3652 mgorovicia
1112 3568 1146 3633 et
1160 3567 1275 3633 sectari
1289 3566 1352 3633 rir-

108 3670 206 3748 tutes,
229 3669 320 3735 alteri
342 3687 403 3735 non
425 3669 526 3736 faeere
548 3670 629 3755 quod
652 3669 712 3736 siti
734 3669 801 3736 fieri
824 3671 943 3737 nolunt.

216 3771 287 3840 Wie
309 3791 343 3839 cs
366 3768 421 3839 der
441 3772 484 3838 hl.
508 3774 599 3840 Ritus
620 3771 790 3853 erfordert,
817 3773 890 3840 dass
917 3773 968 3840 boi
990 3773 1045 3842 dar
1077 3774 1352 3858 Fortissimum,

109 3897 197 3944 wenn
219 3877 301 3943 nach
324 3878 393 3944 dom
416 3875 620 3963 Fimngelium
642 3875 807 3964 gepredigt
823 3879 909 3960 und,
932 3878 987 3946 das
1011 3879 1199 3965 allgemeine
1212 3879 1353 3948 suncan-

108 3981 311 4054 bckenntniss
333 3982 524 4068 gesprochen
544 3983 638 4062 uiri,
661 3983 717 4049 das
739 3982 789 4050 die
812 3984 1043 4070 Vargleichung
1066 3984 1120 4050 des
1142 3984 1271 4070 eigenen
1294 3985 1370 4079 lic·¹

108 4089 186 4155 bens
215 4090 274 4154 mit
303 4089 373 4157 dem
413 4090 491 4156 eben
522 4107 759 4156 vemommeneu
795 4089 903 4156 Wcrta
934 4089 1044 4156 Gottos
1077 4089 1150 4156 dem
1183 4090 1353 4174 glanbigon

108 4193 211 4260 Hdrcr
233 4193 368 4279 abringt,
393 4213 494 4261 noran
508 4194 575 4260 sich
600 4193 682 4260 darm
706 4193 951 4262 dieAbsolntion
967 4193 1030 4260 und
1055 4195 1110 4261 der
1124 4195 1238 4261 Ablass
1261 4195 1354 4274 reiht,

109 4317 144 4365 so
167 4297 249 4364 auch
270 4297 339 4363 hier
361 4299 441 4367 uach
464 4297 674 4366 vollbrachter
697 4297 842 4384 Prodigt:

214 4400 247 4488 d)
268 4401 329 4466 His
351 4402 481 4486 expletis
503 4403 541 4470 fit
563 4402 668 4487 populi
689 4403 838 4470 oonlessio
853 4406 885 4471 et
901 4403 1053 4471 absolutio
1065 4403 1232 4488 generalis,
1255 4405 1287 4469 et
1307 4403 1352 4468 in·

110 4505 274 4592 dulgentia
296 4505 389 4572 datur
410 4524 465 4592 per
488 4505 679 4578 Pontificem.
726 4507 803 4576 Was
817 4507 887 4575 'don
902 4509 1016 4576 Ablass
1030 4507 1158 4588 betrillt,
1181 4526 1217 4574 so
1232 4507 1355 4575 tommt
