3078 4934
692 661 743 744 ΧΙ.

91 798 292 868 sanctissimi
315 802 346 867 in
369 801 492 868 Christo
516 801 621 868 Patris
649 804 681 868 et
704 803 831 869 Domini
854 803 965 868 Nostri
987 803 1113 869 Domini
1136 803 1208 914 CII
1230 801 1345 869 Divina

497 907 693 992 providentia
716 908 857 975 PAPAE
881 907 936 976 IX.

561 1029 875 1114 constitutio

126 1167 232 1238 Super
249 1170 380 1226 oreas-tis
399 1171 631 1239 capitularibus
651 1186 707 1226 uec
726 1187 792 1226 aloa
810 1172 914 1226 electis
934 1175 962 1228 et
978 1173 1153 1227 stemmatio
1172 1172 1214 1226 ad
1231 1171 1317 1246 sedeo
1395 1178 1397 1182 '

534 1259 726 1332 episcopales
744 1263 902 1314 vacantes.

578 1362 660 1429 Pius
680 1361 860 1446 Episcopme

251 1465 365 1534 Servus
387 1465 553 1534 Servorum
576 1467 635 1533 Dei
658 1467 699 1534 ed
718 1471 899 1554 perpetuam
924 1467 970 1532 roi
992 1467 1185 1533 memoriam.

172 1587 356 1654 Romanus
379 1587 536 1670 Pontifex,
567 1609 622 1673 pro
645 1559 771 1656 mulsere
799 1589 859 1656 sibi
890 1588 1040 1656 divinitus
1071 1586 1185 1655 collato
1214 1588 1342 1673 regendi

87 1711 129 1758 aa
152 1693 349 1776 muceranii
370 1692 545 1758 universam
563 1691 681 1760 Christi
702 1693 883 1774 Ecclesiam,
908 1712 967 1760 non
991 1692 1091 1760 solum
1113 1690 1166 1759 SS.
1182 1691 1340 1758 Canopum

86 1795 323 1864 observantiam
344 1815 464 1882 urgere,
489 1797 543 1863 sed
566 1798 660 1864 etiam
685 1799 810 1865 illorum
834 1801 953 1866 cenam
977 1798 1010 1864 et
1033 1796 1248 1864 authenticum
1272 1815 1341 1864 sen·

77 1920 162 1968 sum
185 1899 344 1968 declarare
373 1901 510 1986 satagit,
542 1902 569 1967 si
600 1902 723 1987 quando
752 1902 909 1988 quidpiam
940 1901 1147 1968 dubitationis
1176 1902 1209 1966 in
1236 1902 1340 1987 aliquo

86 2007 252 2086 occurrat,
289 2023 327 2072 ne
350 2005 480 2073 dirersis
509 2006 818 2090 interpretationibus
847 2007 980 2074 materia
1009 2007 1211 2091 praebeatur,
1246 2008 1339 2091 atque

86 2109 165 2176 inde
188 2107 425 2176 Ecclesiieticae
455 2109 637 2194 disciplinae
659 2113 765 2178 unitas
786 2113 967 2196 rampatm,
998 2131 1067 2178 cam
1091 2129 1204 2196 magno
1227 2111 1336 2178 Eccle-

88 2214 213 2282 siastiai
236 2213 399 2300 regiminis
422 2213 617 2282 detrimento.

196 2319 276 2387 Sane
302 2319 393 2403 juxta
422 2319 582 2404 antiquam
613 2320 771 2386 Ecclesiae
802 2320 1017 2404 disciplinam,
1052 2318 1132 2386 Sede
1160 2319 1337 2404 Episcopali

86 2426 224 2494 vacante
246 2423 403 2490 Dioeeesis
425 2423 656 2490 administratio
686 2424 725 2490 ad
749 2424 929 2509 Capitulum
953 2423 1149 2491 Cathedralis
1179 2413 1336 2490 Ecclesiae

85 2529 284 2612 devolvitur3
315 2527 396 2613 quod
427 2527 502 2594 olim
524 2547 577 2612 per
600 2546 633 2594 se
663 2528 978 2612 ipsum-Diocaesim
1009 2530 1075 2595 toto
1098 2530 1251 2612 tempore,
1274 2548 1334 2612 quo

85 2635 184 2702 Sedes
207 2633 347 2714 amabat,
372 2632 591 2699 administrare
613 2635 746 2717 poterat,
769 2633 818 2701 vel
839 2633 904 2713 uni,
928 2634 983 2700 aut
997 2633 1139 2717 pluribus
1161 2633 1333 2700 Dioecesim

84 2737 367 2807 administrandam
389 2737 593 2818 committere,
615 2737 714 2804 libera
735 2739 836 2805 eidem
859 2738 971 2806 relicta
991 2738 1145 2822 potestate
1168 2738 1333 2822 deputatos

84 2843 241 2930 eligendi,
275 2843 381 2926 eisque
410 2842 587 2928 delegatam
606 2843 873 2927 jurisdictionem,
904 2843 969 2911 sive
998 2843 1098 2929 quoad
1128 2861 1236 2922 usum,
1267 2843 1332 2911 sive

85 2947 189 3033 quoad
211 2949 336 3030 tempus
358 2947 508 3028 meandi,
533 2948 566 3013 et
587 2947 831 3033 constringendi.

194 3052 239 3119 At
261 3072 332 3119 vero
355 3051 485 3120 Concilii
504 3053 679 3120 Tridentini
701 3055 811 3119 Patres
834 3052 1114 3120 animadvertentes
1137 3053 1331 3138 gravissima,

87 3177 169 3244 quae
190 3157 305 3242 passim
328 3158 508 3226 oriebantur
524 3158 732 3224 'incommoda
755 3179 791 3224 ex
813 3157 1080 3225 administratione
1101 3157 1247 3224 viduatae
1270 3157 1331 3222 Eo·

89 3263 204 3330 clasiae
226 3261 328 3329 coetui
350 3281 549 3346 personarum
581 3262 697 3330 diversi
719 3264 783 3329 lere
805 3262 926 3348 ingenii
948 3260 1142 3342 concredita,
1173 3260 1212 3327 ad
1235 3279 1272 3328 ea
1294 3261 1325 3327 vi

87 3367 187 3434 anda
207 3365 364 3452 sapienter
385 3366 605 3434 decreverunt:
628 3368 666 3433 ut
689 3365 880 3450 Capitulum,
901 3367 973 3434 eeale
993 3372 1129 3448 vacante,
1155 3365 1332 3449 officialem

87 3495 145 3540 seu
171 3473 349 3554 Vocarium,
381 3474 473 3555 iufra
498 3477 563 3540 octo
592 3473 661 3540 alies
684 3479 760 3554 post
787 3478 915 3539 moram
934 3471 1102 3554 Episcopi,
1138 3478 1330 3554 aautttuere,

86 3578 137 3644 uel
157 3577 337 3644 monam
366 3578 553 3660 consternare
581 3578 706 3644 omniuo
728 3583 881 3658 maur,
912 3577 967 3661 qui
987 3577 1107 3644 sallem'
1124 3579 1160 3646 iu
1181 3579 1258 3661 iure
1279 3599 1332 3645 ca·

87 3682 272 3749 mouit
300 3681 433 3764 Doctae,
457 3683 506 3749 uel
527 3683 738 3762 licentiata,
768 3683 816 3748 uel
843 3682 929 3748 alias
950 3689 1100 3765 paulam
1125 3683 1200 3765 pieri
1214 3684 1346 3765 poterit¹

88 3787 228 3852 irloueus.
251 3785 289 3854 Si
310 3807 400 3854 secus
418 3789 538 3872 sactum
557 3789 657 3872 suerit
674 3789 718 3855 acl
735 3786 1019 3870 Metropolitanum
1040 3787 1200 3869 deputatio
1222 3787 1331 3872 taie-

87 3889 176 3958 modi
189 3891 382 3973 dwoloaur,
398 3899 428 3958 et
437 3894 468 3958 ei
482 3893 628 3960 Ecclesia
638 3893 712 3975 ipsa
722 3892 974 3975 Metropolitum
985 3893 1091 3976 faerit
1108 3897 1166 3958 aut
1179 3897 1330 3974 eaerupta,

89 3993 346 4080 Capitulumque,
368 4003 404 4062 ut
423 3999 621 4082 praefatur,
646 3997 804 4082 aeplipeas
823 3997 933 4080 fuerat,
955 4003 1027 4062 tuuc
1050 3997 1208 4080 amiquior
1232 3997 1330 4079 Ερίε·

88 4119 184 4182 copres
204 4121 244 4167 ea
265 4101 478 4186 eteffrapaueis
506 4103 542 4168 rire
565 4101 829 4185 Metropolitum,
860 4107 888 4167 et
909 4101 1125 4185 propinquior
1153 4099 1332 4186 Episcopus

87 4205 124 4270 iu
145 4209 288 4288 eaeruptu
321 4205 485 4272 Vocarium
507 4206 613 4288 possit
643 4206 829 4272 camntuere
838 4205 873 4290 ¹).
1207 4221 1234 4286 ,ο

191 4307 379 4394 Hujusmodi
401 4329 472 4376 roro
495 4309 655 4376 decretum
678 4309 761 4376 varie
784 4309 983 4394 interpretati
1006 4311 1080 4377 sunt
1101 4306 1214 4395 privati
1238 4329 1330 4378 cano-

86 4413 227 4482 nicarum
251 4433 354 4481 rerum
378 4413 552 4500 scriptores.
587 4413 721 4496 Quidam
742 4415 826 4482 enim
848 4416 1035 4482 censuerunt
1049 4433 1137 4500 posse
1152 4413 1331 4502 Capitulum

193 4553 221 4624 1)
240 4554 309 4610 Sese.
329 4553 371 4609 24.
390 4551 454 4625 Cap.
474 4553 516 4610 16.
535 4551 568 4608 de
585 4553 646 4610 Rei.
