3078 4934
322 287 324 290 ,
363 217 414 282 nro
439 225 498 280 nn,
517 223 571 282 rx.
590 223 714 294 conca
734 225 763 280 n.
782 221 828 277 er.
845 221 1028 279 rememoro
1054 221 1136 278 reae.
1191 277 1194 282 ,
1220 228 1222 232 ·
1302 203 1364 275 191

101 415 210 484 Ιοειιιεει
233 399 362 482 parique
382 397 473 466 modo
496 398 624 466 taxandi
646 397 750 465 essent
770 397 847 464 Jesu
864 396 982 464 Christi
998 395 1140 482 Apostoli
1155 397 1187 464 et
1202 397 1369 482 Martyres,¹

106 501 164 587 qui
189 503 389 568 atrocissima
412 521 551 588 quaeque
568 502 721 588 supplicia
736 503 768 569 et
783 511 915 568 mortem
937 501 1036 587 ipsam
1051 501 1155 567 subire
1177 502 1366 584 maluerunt,

105 627 205 690 quam
233 609 393 692 proprium
413 609 542 693 prodere
563 609 699 676 officium
722 607 998 692 sanctissimaeque
1021 625 1096 674 suae
1117 606 1276 692 religionis
1293 606 1366 694 jura

106 713 243 792 uiolare,
267 713 370 798 impiis
397 711 591 799 obsequendo
605 714 863 798 persequutorum
878 713 1059 796 Principum
1082 710 1246 780 mandatis.
1274 710 1364 794 Saue,

104 815 318 906 Venerabilss
340 817 480 897 Fratres,
512 819 540 884 ei
563 802 686 902 praeter
707 817 793 903 leges
816 817 918 883 ciuilis
938 816 1062 900 imperii
1085 816 1165 883 aliae
1187 814 1291 882 nubae
1313 836 1368 882 ex·

106 925 238 1000 tarent,
274 924 307 988 ct
329 922 387 988 bue
410 921 535 1006 quidem
566 921 757 988 sublimioris
780 921 913 1000 ordinis,
946 938 1023 1005 quas
1046 939 1211 1006 agnoscere
1232 923 1364 1005 oportet,

104 1027 229 1094 molare
254 1027 356 1105 ueias3
379 1028 406 1093 si
429 1028 589 1112 propterea
612 1027 720 1093 ciuiles
741 1025 868 1094 eaodem
888 1025 973 1110 leges
995 1042 1171 1110 supremam
1194 1027 1365 1093 constitue·

105 1133 178 1197 rent
202 1132 416 1198 conscientiae
439 1152 590 1214 normam,
612 1133 696 1198 sicut
718 1131 812 1216 impie
833 1131 923 1216 juxta
939 1133 971 1196 et
987 1131 1119 1197 absurdo
1140 1130 1268 1215 quidam
1290 1149 1364 1198 corr⁶

80 1235 268 1316 tendunt,
292 1236 537 1321 ‘reprehensione
566 1237 670 1321 potius
700 1255 798 1321 quam·
826 1236 939 1302 bonore
968 1237 1001 1301 et
1022 1235 1115 1301 laude
1145 1225 1232 1322 digni
1261 1235 1364 1303 forant

105 1341 266 1424 primaevi
289 1343 443 1428 martyres
458 1345 491 1408 e'a
511 1343 564 1427 qui
588 1341 731 1425 deinceps
755 1359 805 1407 eos
827 1341 951 1424 sequuti
975 1341 1049 1406 sunt
1071 1337 1145 1406 dum
1167 1349 1222 1424 prb
1245 1339 1363 1410 Christi

105 1445 168 1512 fide
193 1447 229 1512 et
245 1446 402 1512 Ecclesiae
426 1446 572 1512 libertate
594 1445 779 1530 sanguinem
800 1444 962 1525 ludenrnt3
984 1445 1047 1510 imo
1070 1462 1141 1511 vero
1162 1465 1202 1511 nc
1223 1445 1363 1513 licuisset

108 1551 237 1634 quidem
262 1552 457 1618 obstantibus
479 1550 601 1636 legibus
624 1551 789 1635 inuitisque
805 1549 995 1635 principibus
1016 1550 1216 1616 christianam
1237 1551 1362 1618 tradere

108 1657 141 1720 et
163 1673 342 1741 propagare
364 1653 566 1740 religionem,
589 1655 821 1739 Ecclesiamque
843 1655 984 1722 fundare·
1016 1653 1109 1721 Fides
1132 1656 1238 1721 tamen
1261 1655 1360 1730 docet,

108 1761 139 1826 et
164 1761 308 1826 bumana
329 1760 409 1826 ratio
432 1759 643 1839 demonstrat,
673 1759 827 1843 duplicem
851 1759 983 1826 existere
1004 1778 1107 1828 rerum
1130 1759 1284 1840 ordinem,
1314 1761 1359 1827 si-

108 1863 239 1950 mulque
263 1865 353 1930 binas
376 1863 613 1950 distinguendas
636 1883 702 1931 esse
726 1865 896 1948 potestates
919 1866 951 1931 in
972 1865 1083 1944 terrie,
1110 1865 1243 1933 alteram
1265 1869 1360 1934 natu·

109 1969 220 2051 nalem,
238 1989 320 2055 quae
343 1971 496 2050 humanae
515 1969 673 2036 societatis
693 1970 918 2055 tranquillitati
941 1972 973 2037 ct
995 1971 1204 2038 saecularibus
1226 1971 1362 2058 negotiis

110 2063 292 2159 prospiciat,
317 2077 449 2142 alteram
471 2093 551 2154 uero,
575 2075 664 2160 cujus
679 2075 766 2160 origo
782 2093 877 2160 supra
899 2077 1044 2141 naturam
1063 2065 1120 2155 eei,
1143 2093 1223 2161 quac
1237 2078 1360 2159 praeest
1421 2080 1424 2090 “

110 2178 235 2248 civitati
261 2181 337 2264 Dei,
367 2181 513 2246 nimirum
537 2181 694 2246 Ecclesiae
718 2179 835 2260 Christi
858 2178 897 2246 ad
920 2198 1028 2264 pacem
1056 2181 1231 2264 anbaarum
1254 2182 1288 2246 et
1309 2199 1360 2246 ea·
1383 2269 1385 2272 Ι
1411 2251 1414 2258 ⁴
1518 2165 1519 2194 ¹

110 2283 209 2352 lutam
232 2288 393 2354 aeternam
413 2287 563 2353 divinitus
586 2285 742 2353 instituta.
786 2285 874 2352 Haec
892 2286 1000 2350 autem
1030 2284 1162 2370 duplicis
1192 2285 1359 2368 potestatis

110 2387 214 2470 officia
238 2391 472 2475 sapientissime·
488 2392 631 2458 ordinata
653 2391 737 2469 sunt,
759 2393 795 2456 ut
818 2389 990 2457 reddantur
1012 2405 1091 2475 quae
1114 2391 1187 2456 sunt
1207 2389 1267 2455 Dei
1281 2383 1380 2470 Deo,
1439 2395 1462 2436 ·'

112 2495 142 2557 et
162 2487 291 2580 propter
312 2497 414 2562 Deum
436 2515 519 2581 quae
546 2498 619 2562 sunt
642 2491 783 2566 Caesaris
807 2485 950 2579 Gnaeum
981 2495 1034 2579 qui
1056 2495 1125 2562 idco
1147 2513 1283 2579 mcpcua
1304 2499 1358 2576 cet,

110 2601 185 2680 qaia
208 2601 296 2667 coelo
318 2604 423 2668 minor
446 2608 506 2684 est;
533 2599 623 2668 illicce
645 2602 728 2667 enim
749 2608 795 2667 cat
815 2603 898 2683 ipse,
924 2601 1016 2684 cujas
1034 2600 1155 2666 coelam
1175 2605 1222 2666 cal
1244 2604 1273 2665 ct
1291 2619 1358 2664 cru·

110 2704 161 2766 cis
183 2693 342 2771 creatura,
373 2705 520 2789 (Tertull.
543 2705 664 2791 apolog.
687 2725 754 2790 cap.
778 2707 845 2782 30.)
889 2703 1001 2788 Aquo
1031 2705 1114 2771 certe
1139 2701 1242 2770 divino
1269 2721 1356 2770 mau-

21 2851 22 2854 ,
111 2805 182 2873 dato
205 2829 366 2893 nunquam
389 2809 514 2876 deflexit
535 2810 685 2890 Ecclesia,
709 2829 788 2894 quae
812 2829 932 2894 semper
953 2810 987 2875 et
1008 2809 1122 2894 ubique
1142 2807 1282 2882 fideliam
1305 2827 1359 2874 eu·

112 2929 197 2978 orum
222 2913 343 3000 animis
359 2914 500 2998 ingerere
523 2915 683 2980 contendit
704 2915 901 2998 obsequium,
932 2913 1014 2998 quod
1044 2911 1266 2980 inviolabiliter
1288 2931 1355 2980 eer-

112 3029 183 3082 uare
204 3018 321 3084 debent
341 3037 417 3103 erga
438 3037 598 3102 supremos
620 3020 790 3103 Principes,
814 3037 980 3104 eorumque
999 3017 1072 3101 jura
1093 3003 1357 3102 quoad'saecula·

112 3119 173 3199 ria;
197 3120 365 3208 docuitque
388 3143 459 3190 cum
483 3123 649 3207 Apostolo,
679 3141 745 3188 esse
768 3123 928 3207 Principes
950 3140 1012 3188 non
1035 3121 1141 3188 timori
1161 3122 1235 3188 boui
1255 3121 1356 3206 operis

113 3224 163 3289 sed
183 3228 273 3307 mali,
294 3228 407 3312 jubens
429 3227 536 3320 fideles
558 3226 698 3292 subditos
722 3245 871 3294 essenon
894 3226 992 3292 sclam
1016 3227 1142 3311 propter
1162 3227 1259 3306 iram,
1282 3226 1356 3309 quia
1448 3271 1449 3274 =
1518 3321 1519 3330 ἵ

112 3326 258 3416 Princeps
289 3331 433 3417 gladium
465 3332 569 3415 portat
602 3330 713 3397 under
749 3330 782 3415 in
804 3330 883 3398 iram
908 3319 945 3396 oi
964 3331 1017 3416 qui
1039 3330 1156 3396 nralum
1181 3330 1268 3414 agit,
1300 3329 1355 3396 sed

114 3433 205 3501 otiam
239 3439 364 3522 propter
396 3437 634 3516 conscientiam,
670 3437 743 3521 quia
764 3436 810 3502 -in
838 3437 940 3503 officio
973 3453 1029 3502 suo
1051 3433 1111 3500 Dei
1131 3431 1274 3501 minister
1296 3435 1354 3502 est.

114 3537 210 3617 (Rom.
236 3545 295 3621 13,
318 3543 338 3607 3
361 3543 441 3628 sqq.)
484 3541 578 3608 Hunc
611 3543 717 3608 autern
746 3541 925 3625 Principum
960 3541 1079 3607 metum
1113 3538 1182 3623 ipsa
1215 3537 1355 3606 cohibuit

114 3640 151 3704 ad
172 3661 263 3729 opera
278 3647 372 3727 mala
396 3645 539 3713 eumdem
562 3645 652 3730 plane
675 3645 839 3711 excludens
862 3664 881 3711 a
902 3644 1024 3710 diuinae
1045 3644 1126 3729 legis
1147 3641 1352 3724 observantia,

114 3759 226 3813 memor
240 3750 307 3835 ejus
330 3750 411 3834 quod
431 3749 539 3817 fideles
562 3751 669 3816 docuit
684 3750 803 3832 ,beatum
826 3751 957 3816 Petrus:
979 3767 1069 3816 mmo
1090 3753 1226 3816 accim
1239 3749 1353 3831 parto-

112 3849 162 3926 ibr
182 3859 217 3918 uc
236 3855 415 3935 tudaldo,
437 3861 492 3921 cut
511 3856 586 3937 fur,
609 3859 666 3920 uad
687 3855 877 3933 meledium,
908 3860 964 3920 orci
985 3853 1161 3921 alienorum
1181 3853 1353 3935 meditem

114 3951 260 4024 domem
280 3965 315 4025 at
338 3959 552 4038 amicam,
585 3979 648 4025 coc
675 3956 1038 4043 mmcd,910rificet
1062 3963 1166 4024 mum
1193 3955 1297 4026 Deum
1317 3957 1353 4023 ic

115 4051 169 4122 i³10
188 4064 320 4130 comice.
348 4063 378 4147 (Ι
400 4065 484 4130 Patr.
508 4064 540 4145 4,
566 4063 616 4130 14.
642 4064 707 4150 15.)
777 4113 789 4120 „

210 4165 257 4252 (5)
277 4167 365 4251 Quae
384 4187 455 4234 cum
476 4167 524 4234 ita
546 4167 625 4248 sint,
648 4167 741 4235 facile
763 4168 968 4254 intelligetis,
990 4165 1193 4234 Venerabiles
1213 4165 1351 4248 uranu,
1418 4176 1421 4182 “
1518 4267 1519 4274 ¹

115 4268 224 4342 sumu
244 4273 341 4338 animi
363 4274 467 4340 dolore
489 4273 555 4340 llos
578 4273 662 4340 affici
684 4274 855 4359 opormcrit
881 4274 1022 4361 legentes
1043 4273 1076 4340 in
1096 4273 1229 4356 epistola
1249 4289 1352 4366 cuper

117 4367 155 4430 ad
177 4367 241 4442 Nos
262 4379 339 4444 dmo
360 4379 400 4446 ab
421 4381 491 4463 ipsc
506 4379 696 4448 Gmmcico
713 4379 911 4463 Imperatore
932 4379 1184 4446 crinsinutc'occm
1203 4397 1268 4444 aroc
1288 4377 1349 4444 rari·

116 4487 171 4536 nuc
190 4485 322 4548 atrocen
344 4487 657 4568 qacm'c'rrcpcrctom
680 4485 832 4554 caveae
849 4486 991 4568 mem,
1013 4489 1049 4550 ut
1067 4481 1138 4565 ipsc
1158 4483 1222 4559 aa,
1245 4481 1348 4566 catho-

119 4569 240 4650 laona„
259 4587 330 4654 aidi
343 4587 557 4672 subditorum,
578 4593 768 4672 pracsertim
787 4611 861 4658 cero
883 4589 1037 4658 abaco
1058 4585 1245 4654 micticon·
1268 4583 1350 4654 Gor·
