2990 4934
295 207 347 261 rnr
367 206 425 260 es.
447 207 496 261 rr.
517 178 640 278 aaroni.
661 209 688 262 a.
708 207 954 264 er.·nnvemora
972 209 1056 262 rara.
1233 171 1294 259 197

58 383 154 447 adbuc
177 401 311 448 asserere
334 381 479 448 socialem
501 383 624 448 tantum
648 381 819 448 utilitatem
836 401 872 446 ac
887 399 1085 466 progressum
1108 384 1296 469 mutuaeque

58 487 273 553 beneticentiae
306 487 484 552 exercitium
521 487 654 572 spectari
679 507 698 552 a
720 487 923 552 tenebricosis
954 485 1039 553 hisce
1062 489 1294 554 conventiculis.

58 592 203 675 Exponite
224 591 263 656 iis
284 611 391 677 saepe,
426 595 459 658 et
487 592 582 658 altius
614 589 726 657 animis
756 591 883 677 defigite
906 592 1087 658 Pontificius
1117 591 1176 658 hac
1201 594 1240 659 de
1263 613 1295 659 re
1320 589 1321 594 ’

58 697 288 768 constitutiones
311 698 342 762 et
366 697 508 776 edocete,
539 716 599 762 non
627 715 704 762 unos
728 697 765 762 ab
789 696 827 761 iis
849 695 976 781 percelli
1000 696 1168 762 masonicos
1190 699 1295 764 coetus

58 802 87 866 in
108 803 235 886 Europa.
252 801 423 881 inst‘tutcs,
446 801 499 867 sed
522 819 626 868 omnes
650 802 802 886 quotquot
816 801 848 866 in
869 801 1024 882 America,
1046 800 1175 888 aliisque
1198 801 1295 868 totins

57 905 133 974 orbis
155 904 257 992 plagis
279 905 444 972 habentur,

155 1010 320 1090 Ceterum,
344 1009 542 1076 Venerabilcs
566 1009 709 1089 Fratres,
731 1009 876 1094 quoniam
899 1009 932 1074 in
956 1009 1031 1075 haec
1054 1010 1195 1094 tempora
1217 1009 1301 1075 inei·

60 1116 174 1195 dianus,
198 1115 311 1200 quibus
334 1114 435 1180 multa
457 1114 583 1199 quidem
605 1114 745 1198 patiendi
768 1113 821 1180 sed
845 1115 877 1180 et
900 1113 1037 1179 merendi
1060 1114 1159 1180 instat
1181 1114 1300 1180 occasio

57 1220 130 1284 illud
152 1215 296 1285 cirrernus
320 1219 501 1303 praeprimis
525 1220 685 1304 tamquam
709 1218 827 1285 Christi
850 1219 968 1283 milites
992 1217 1076 1298 boni,
1100 1237 1137 1284 ne
1161 1219 1297 1284 animum

59 1324 309 1408 despondeamus,
331 1324 394 1390 imo
409 1325 443 1389 in
468 1323 534 1407 ipsa
557 1343 617 1406 qua
636 1323 796 1407 jactamur
816 1323 950 1407 procella
973 1324 1092 1388 certam
1114 1342 1200 1408 spem
1218 1325 1299 1390 nact'

59 1429 293 1513 tranquillitatis
317 1429 455 1507 futurae,
479 1430 511 1494 et
534 1426 674 1493 clarioris
698 1427 731 1492 in
753 1426 892 1493 Ecclesia
915 1427 1110 1506 serenitatis,
1142 1429 1302 1513 nosipsos

61 1537 88 1598 et
110 1535 304 1600 laborantem
328 1533 442 1598 clerum
468 1533 500 1598 ct
523 1532 667 1616 populum
697 1533 853 1618 erigamus
875 1531 979 1598 diuino
1003 1532 1118 1599 auxilio
1141 1533 1248 1599 confisi
1271 1541 1302 1600 et

62 1639 249 1704 nobilissima
270 1638 325 1703 illa
346 1637 473 1703 excitati
495 1637 706 1722 Chrysoslomi
737 1637 1013 1703 commentatione:
1053 1637 1166 1704 »Multi
1188 1637 1302 1704 fluctus

64 1744 210 1822 destant,
246 1761 417 1828 gravesque
447 1741 616 1825 procellam
651 1743 704 1806 sed
735 1755 794 1808 non
819 1744 965 1810 timemus
988 1763 1026 1809 nc
1048 1743 1302 1827 submergamur3

63 1868 147 1913 »nam
171 1848 203 1914 in
227 1850 316 1932 petra
337 1847 542 1912 consistimus.
577 1846 703 1914 Saeviet
724 1867 819 1928 mare,
842 1851 964 1934 petram
987 1848 1153 1915 dissolvere
1175 1845 1301 1933 nequit3

64 1953 244 2039 »insurgant
269 1952 402 2032 tinctus,
437 1952 513 2018 lesu
547 1953 707 2038 navigium
734 1945 913 2039 demergere
942 1973 1001 2020 non
1028 1953 1167 2038 possunt.
1211 1951 1301 2018 Nihil

64 2059 222 2124 »Ecclesia
238 2057 405 2141 potentius.
451 2055 589 2122 Ecclesia
612 2059 661 2122 est
682 2058 748 2141 ipso
772 2057 857 2124 eaelo
880 2057 998 2126 fortior.
1023 2057 1152 2125 Onclnm
1168 2062 1197 2123 ct
1211 2062 1300 2124 terro

64 2163 264 2242 strorrsibnnt,
295 2161 517 2228 verberantem
540 2181 607 2226 mea
630 2181 692 2228 non
714 2161 902 2228 trortssbnnt.
939 2163 1026 2245 Quae
1047 2161 1163 2228 rerba?
1196 2162 1245 2227 Ta
1267 2182 1300 2228 es

65 2266 190 2333 »Petras
214 2273 244 2333 ct
265 2287 360 2350 sapor
374 2266 456 2332 bono
473 2271 601 2348 petrum
624 2265 795 2348 oedificabo
818 2265 997 2332 Ecclesium
1017 2287 1119 2332 meam
1141 2271 1170 2332 et
1185 2271 1301 2349 portae

64 2373 173 2454 >inseri
194 2393 261 2438 eron
276 2370 505 2453 praevalebunt
527 2371 679 2436 adversas
700 2391 778 2436 cunr.
817 2369 850 2437 Si
874 2390 934 2437 non
958 2369 1058 2436 credis
1081 2371 1184 2450 verbo,
1207 2369 1298 2436 rebus

65 2475 173 2542 »crede
220 2475 305 2559 Quot
334 2475 460 2562 tyranni
483 2475 651 2541 Ecclesiam
674 2475 845 2559 opprimere
875 2477 1091 2542 tentaverunt!
1129 2475 1211 2558 Quot
1232 2495 1299 2541 aar·

65 2581 208 2665 anginae,
235 2582 310 2665 quot
333 2581 482 2659 fornaces,
505 2579 639 2645 ferarum
655 2579 772 2658 dentes,
796 2578 895 2664 gladii
911 2579 1012 2646 acuti!
1036 2576 1176 2664 nihilque
1197 2580 1269 2665 perf
1284 2616 1298 2629 ·

64 2685 195 2752 »cerunt
234 2685 366 2750 Ubinam
390 2687 464 2750 sunt
486 2685 589 2750 lrostes
613 2682 682 2750 illi?
705 2683 837 2750 Silentia
859 2686 891 2751 ct
913 2683 1060 2750 obliuioni
1082 2683 1192 2751 traditi
1214 2685 1296 2751 sunt.

64 2789 208 2854 »Ubinam
235 2789 395 2854 Ecclesia?
429 2789 600 2872 Plusquam
623 2787 888 2872 solsplendescit.
933 2788 1019 2870 Quae
1048 2788 1174 2855 illorum
1197 2791 1296 2867 erant,

65 2894 214 2960 »extincta
236 2897 329 2969 sunt3
364 2911 442 2977 quae
465 2891 503 2956 ad
528 2893 615 2958 illam
646 2895 805 2977 spectant,
840 2895 914 2959 sunt
936 2893 1135 2960 immortalia.
1170 2893 1203 2960 Si
1226 2913 1295 2958 oum
1431 2929 1435 2940 ι

64 2999 167 3080 »pauci
189 2997 279 3063 erant
295 2995 476 3075 Christiani,
499 3016 558 3063 aron
583 2997 659 3062 victi
681 2999 771 3075 snnt;
794 2997 916 3081 quando
940 2997 1022 3064 orbis
1044 2999 1129 3063 totns
1152 2997 1203 3082 pia
1224 2997 1297 3063 reli·

64 3101 166 3184 »gione
188 3102 298 3187 plenus
322 3103 387 3181 est,
421 3100 572 3185 quomodo
602 3100 671 3166 illos
702 3101 824 3167 vincere
856 3101 979 3185 pessis?
1013 3101 1142 3170 Ocelum
1164 3109 1193 3169 ct
1211 3110 1299 3169 terre

65 3207 264 3286 »transibunt
288 3205 508 3272 verberantem
529 3228 599 3272 mou
620 3227 683 3272 non
706 3205 911 3273 tramittenda
949 3207 1055 3290 (Hom.
1080 3209 1152 3272 ante
1175 3207 1244 3273 eril.
1269 3229 1296 3270 n.

66 3309 90 3374 l.
112 3313 142 3376 et
165 3312 209 3396 2.)
254 3309 349 3376 Nullo
379 3310 485 3396 itaque
515 3309 660 3376 commoti
694 3309 829 3395 periculo
852 3312 884 3376 et
906 3310 985 3376 nihil
1015 3311 1207 3377 haesitantes
1226 3315 1299 3395 'pcr-

65 3433 233 3482 serercmus
255 3417 288 3481 in
309 3415 466 3494 oratione,
488 3415 581 3501 idque
604 3415 727 3500 assequi
750 3415 988 3512 contendamus,
1009 3417 1045 3482 ut
1068 3415 1203 3482 universi
1226 3407 1297 3481 'cae

65 3517 167 3586 lostam
192 3522 272 3588 iram
287 3520 418 3605 flagitiis
440 3520 599 3586 bominum
615 3522 812 3604 provocatam
835 3519 958 3604 placare
978 3519 1131 3598 nitamur;
1153 3539 1213 3605 quo
1230 3521 1309 3584 nn:

67 3622 130 3689 dem
153 3626 184 3690 in
208 3644 265 3690 sua
279 3624 500 3691 'misericordia
523 3625 654 3709 exurgat
676 3623 895 3707 amnipotens,
918 3623 1051 3709 imperet
1072 3624 1173 3690 ventis
1196 3627 1228 3689 et
1250 3625 1265 3689 f
1283 3661 1298 3672 -

66 3725 125 3792 ciat
144 3727 417 3814 tranquillitatem.
549 3747 551 3752 ’
1108 3803 1109 3810 ἵ

162 3835 292 3900 Interim
317 3835 561 3901 benedictionem
580 3831 791 3918 Apostolicam
817 3832 1000 3918 praecipuae
1022 3833 1145 3899 nostrae
1168 3833 1300 3899 benero-

68 3933 175 4004 lentiae
198 3942 311 4006 testem
333 3939 430 4005 Vobis
452 3939 603 4016 omnibus,
627 3936 825 4004 Verrcrabiles
848 3939 990 4016 Fratres,
1026 3935 1176 4022 Clcroque
1198 3938 1230 4003 et
1247 3956 1301 4021 pc·

69 4040 134 4120 pulo
155 4044 294 4109 universo
308 4044 509 4130 singulorum
532 4061 623 4108 curae
645 4041 807 4107 commisso
832 4042 1027 4125 peramanter
1053 4040 1257 4125 impertimus.

167 4147 281 4214 Datum
305 4151 421 4215 Rornae
444 4147 526 4230 apud
548 4145 578 4210 S.
598 4147 726 4212 Petrum
749 4143 799 4210 die
821 4143 907 4210 XXI.
931 4143 1115 4210 Nouembris
1138 4163 1217 4210 anno
1236 4144 1301 4212 Do-

70 4247 140 4314 mini
165 4251 449 4320 llDCt'Cbllell.
475 4249 679 4318 Pontificatus
702 4248 810 4315 Nostri
834 4247 1078 4315 vicesimectaro.

556 4371 814 4442 rmmm
929 4467 931 4472 Ι

526 4561 837 4578 ffl-
