3078 4934
358 151 411 208 me
431 151 493 240 nn
511 151 563 207 rx.
587 153 713 222 saepen
732 153 760 210 c.
779 152 823 208 21.
842 153 1026 210 novamne
1043 151 1128 208 rare.
1296 130 1357 200 187

114 323 148 390 at
167 321 233 389 hde
260 321 413 390 catholica
434 323 594 392 erudiendi
618 325 777 406 venirent,
809 345 846 391 ne
868 325 943 410 quid
964 323 998 390 in
1020 325 1085 392 suis
1114 325 1252 392 ecelesiis
1281 325 1358 392 sini·

113 427 225 509 strum,
250 428 307 498 ant
328 429 499 498 catholicae
514 432 630 498 unitati
646 432 834 499 contrarium
858 431 1028 514 doceretur,
1051 432 1084 498 et
1106 431 1151 499 sic
1165 431 1198 499 in
1212 431 1273 497 tide
1294 432 1359 498 eta·
1410 463 1412 466 ·
1515 495 1516 502 ,

113 531 172 598 bili
193 533 333 602 roborati
346 534 387 600 ad
402 536 525 622 propria
547 538 732 610 remearent.
777 537 827 604 lta
849 537 923 604 dnm
945 556 1000 621 per
1021 536 1154 604 cetarias
1174 539 1260 604 artes
1282 555 1360 622 pau·

113 639 206 704 latim
236 639 341 706 omnia
369 640 468 707 Nebis
497 631 712 711 subducuntur
740 643 895 727 praesidia
926 647 959 710 et
982 643 1219 722 instrumenta,
1246 642 1360 727 quibus

114 743 288 808 Ecclesiam
311 743 487 814 uniuersam
510 767 617 832 regere
640 766 677 814 ac
696 748 851 815 moderari
874 747 1043 830 valeamus,
1065 746 1239 816 luculenter
1261 747 1358 833 patet,

114 850 305 933 quantopere
319 873 342 917 u
355 853 485 920 undele
507 853 678 930 abhorrent
698 855 779 938 qnod
801 855 998 938 affirmatum
1017 853 1083 937 suit
1105 852 1186 919 ellel
1209 871 1274 920 csse
1295 852 1358 917 iru-

114 954 286 1034 minulum,
319 957 396 1024 urbe
422 957 518 1024 Nobis
544 959 707 1042 adempta,
739 959 778 1026 dc
808 959 950 1028 libertale
979 959 1120 1026 annana·
1140 957 1304 1042 Pcutificts
1324 957 1360 1022 ln

114 1059 266 1125 menno
288 1062 470 1146 spiritualis
491 1056 662 1148 ministerii
683 1069 712 1130 et
732 1065 767 1129 iu
789 1065 833 1130 iis
854 1063 985 1148 agendis
1007 1067 1086 1147 quac
1108 1063 1152 1129 nd
1173 1061 1361 1130 munimen

110 1164 272 1243 petierent
293 1167 416 1248 erbem;
445 1167 600 1252 simulque
622 1168 817 1235 manifestius
840 1166 977 1252 quotidie
1000 1167 1152 1235 evincitur
1174 1186 1268 1252 quam
1290 1185 1362 1232 vere

116 1285 151 1332 ac
173 1269 289 1337 merito
311 1269 503 1339 declaratum
526 1274 620 1340 toties
635 1293 653 1338 a
667 1272 766 1339 Nubis
788 1273 821 1340 et
834 1273 1024 1340 inculcatum
1047 1273 1152 1351 fucrit,
1175 1271 1361 1358 sacrilegam

116 1371 246 1440 ditionis
269 1374 404 1442 Nostrae
434 1378 666 1461 usurpationem
697 1397 732 1444 eo
755 1378 936 1462 praesertim
966 1380 1181 1462 spectassent
1206 1374 1361 1443 Porrtilioii

118 1475 277 1544 Primatus
300 1481 346 1545 ris
369 1482 402 1547 et
424 1482 562 1550 efficacia
583 1483 794 1568 frangeretur,
826 1483 953 1568 ipsaque
982 1483 1109 1550 tandmn
1135 1482 1290 1548 catholica
1313 1501 1362 1546 re·

116 1578 203 1664 ligio,
228 1572 257 1648 si
279 1583 346 1650 fieri
370 1588 482 1670 posset,
505 1587 597 1670 plane
620 1587 783 1654 deleretur.

222 1687 341 1755 Verum
365 1709 426 1758 non
448 1690 506 1758 hoc
520 1692 619 1758 Nobis
640 1670 801 1776 potissime
822 1691 1025 1759 constitutum
1050 1693 1099 1759 est
1122 1691 1218 1782 ntsde
1233 1691 1272 1755 iis
1294 1709 1362 1754 ma-

116 1789 154 1856 lis
177 1791 218 1858 ad
241 1791 306 1860 Vos
327 1795 547 1877 scriberemus,
571 1797 683 1881 quibus
708 1797 787 1864 Urbs
810 1797 885 1863 baec
908 1799 1025 1866 Nostra
1047 1798 1079 1863 et
1100 1797 1246 1863 universa
1268 1793 1362 1860 simul

118 1893 281 1964 diceretur
303 1899 413 1978 Italia;
443 1901 506 1967 imo
529 1921 659 1987 angores
681 1901 772 1968 hosce
794 1902 926 1970 Nostros
949 1903 1066 1968 moesto
1091 1903 1219 1969 sortasse
1242 1919 1362 1984 preme-

117 2019 218 2068 remus
242 2003 377 2084 ailentio,
401 2005 428 2070 si
450 2005 554 2072 divina
577 2006 704 2074 daretur
726 2007 902 2086 clementia,
924 2006 1022 2072 lenire
1044 2007 1109 2072 Nos
1131 2025 1219 2090 posse
1243 2004 1362 2071 dolores

118 2106 294 2186 marcianes,
317 2110 429 2194 quibus
451 2111 499 2176 tot
516 2111 714 2178 Venerabdes
730 2111 856 2178 Fratres
879 2130 1036 2180 sacrorum
1051 2111 1222 2179 antistites
1241 2128 1363 2178 eorum·

118 2228 175 2292 que
199 2213 311 2280 Glems
334 2217 367 2281 et
389 2215 519 2299 populus
541 2215 572 2280 in
596 2215 667 2282 aliis
692 2217 870 2302 regionibus
893 2216 1081 2284 cruciantur.

219 2317 273 2404 [2]
295 2319 359 2384 Vos
382 2319 538 2387 enimvero
559 2340 619 2386 nen
641 2320 737 2402 latet,
760 2320 960 2387 Venerabiles
981 2321 1128 2400 Fratres,
1150 2320 1301 2403 quosdam
1324 2339 1363 2384 ex

120 2418 300 2490 Helveticae
318 2425 544 2508 foedantem
565 2425 678 2510 Pupia,
708 2444 769 2491 neu
798 2426 865 2492 tam
898 2426 937 2492 ab
957 2424 1150 2492 heterodoxis
1179 2423 1382 2516 compulsos,

120 2543 250 2606 quorum
272 2527 335 2595 imo
358 2529 501 2596 nonnnlli
530 2529 650 2598 hoines
672 2529 894 2614 reprobarunt,
923 2546 1017 2615 quam
1040 2530 1079 2596 ab
1102 2528 1237 2596 actuosis
1259 2531 1381 2594 secta·
1412 2557 1416 2564 ·

119 2645 188 2694 rum
210 2631 337 2700 asseclis
360 2634 451 2728 hodie
466 2635 582 2718 passim
602 2653 705 2700 rerum
727 2635 847 2718 potitis,
871 2653 992 2700 omnem
1009 2634 1193 2718 peruertisse
1214 2633 1363 2711 ordinem,

121 2732 245 2820 ipsaque
279 2737 441 2806 suffodisse
474 2739 706 2807 constitutionis
732 2739 889 2806 Ecclesiae
919 2738 1037 2806 Christi
1068 2740 1271 2810 fundamenta
1303 2758 1365 2804 non

122 2840 210 2906 medo
232 2843 341 2910 contra
363 2844 536 2928 quamlibet
564 2843 711 2930 justitiae
741 2843 931 2928 rationisque
953 2863 1109 2923 normam,
1140 2844 1193 2912 sed
1220 2845 1380 2912 obstante.
1515 2843 1516 2846 ’

122 2943 214 3012 etiam
238 2947 314 3016 data
333 2949 456 3034 publice
477 2949 553 3033 fide3
577 2969 672 3034 quum
686 2969 724 3032 ‚ex
739 2949 927 3016 solemnibus
945 2949 1056 3034 pactis,
1078 2949 1227 3036 suffragio
1243 2949 1275 3015 ct
1290 2967 1365 3017 auo-

123 3047 247 3119 toritatc
270 3073 390 3140 quoque
413 3055 518 3140 legum
534 3054 752 3122 foederationis
767 3053 907 3132 munitis,
930 3056 1047 3120 sartam
1063 3055 1179 3122 tautam
1203 3055 1365 3122 catholicis

124 3169 244 3223 manere
274 3162 430 3242 oporteret
458 3159 635 3244 religiosam
664 3157 854 3234 libertatem.
898 3159 1145 3242 Deploravimus·
1160 3159 1303 3243 equidem
1332 3159 1365 3224 in

127 3259 319 3328 allocutione
342 3263 458 3330 Nostra
481 3263 587 3328 habita
607 3247 657 3328 die
680 3263 732 3330 23.
756 3263 935 3328 Decembris
965 3263 1039 3328 anni
1060 3263 1222 3348 praeteriti
1241 3263 1365 3330 illatam

125 3364 285 3451 religiosae
307 3369 352 3433 rei
374 3369 440 3434 vim
464 3369 503 3435 ab
536 3368 661 3434 illorum
685 3368 842 3453 Pagarum
873 3365 1037 3436 Guberniis
1069 3369 1152 3434 »sive
1175 3367 1364 3434 decernendo

127 3466 162 3536 de
183 3471 384 3558 dogmatibus
406 3473 580 3552 catholicae
603 3470 694 3548 fidei,
724 3472 789 3538 sive
811 3471 941 3539 lacendo
963 3473 1133 3558 apostatis,
1163 3473 1228 3539 sire
1250 3472 1365 3539 merci·
1428 3497 1430 3500 ·

127 3573 201 3641 tium
225 3578 448 3662 intercipiendo
470 3577 651 3662 episcopalis
674 3577 870 3661 potestatis«
917 3577 962 3643 At
983 3595 1054 3644 uero
1074 3577 1268 3662 justissimae
1290 3597 1365 3661 que-

127 3677 205 3749 relae
227 3685 379 3764 Nostrae,
402 3684 557 3750 exhibitae
579 3683 674 3772 etiam
698 3681 918 3748 mandantibus
940 3681 1039 3748 Nobis
1061 3683 1207 3749 foederali
1230 3681 1365 3750 Consilio

128 3785 278 3854 aNostrc
300 3788 504 3873 Negotiorum
528 3787 670 3870 Gestcre,
694 3785 855 3872 neglectae
876 3786 969 3870 plane
991 3787 1134 3867 luerunt,
1162 3805 1219 3853 nec
1240 3787 1365 3872 aequior

127 3889 201 3956 ratio
223 3892 332 3959 habita
355 3893 416 3958 fuit
437 3893 751 3978 expostulationuma
773 3891 936 3958 catholicis
960 3893 1097 3976 cujusvis
1119 3892 1246 3972 ordinis,
1269 3894 1302 3960 et
1324 3893 1364 3960 ab

128 3991 284 4066 Helvetico
306 3998 492 4082 Episcopatu
515 3997 628 4064 iterum
652 3999 747 4081 atque
770 3997 884 4062 iterum
907 3996 1079 4074 editarum
1102 3997 1177 4082 quin
1198 3997 1261 4064 ime
1283 3997 1363 4063 irro-

129 4103 217 4178 gatae
238 4103 356 4187 pridem
379 4103 511 4188 injuriae
534 4103 621 4170 novis
644 4105 677 4168 ct
699 4102 894 4186 gravioribus
916 4101 1091 4168 cumulatae
1115 4103 1197 4170 suut.

226 4207 306 4274 Nam
338 4211 407 4291 poet
433 4208 598 4274 memorem
627 4207 804 4290 ejectionem
832 4205 1029 4272 Venerabilis
1058 4206 1176 4272 Fratris
1205 4206 1366 4288 camaris

131 4303 280 4395 Epiruma
300 4314 515 4380 Hebroocueis
537 4319 565 4378 et
594 4311 717 4379 Wecrte‘
746 4310 924 4394 metella
947 4311 1175 4394 Gebmuercaia,
1198 4329 1276 4396 quaa
1297 4313 1365 4377 tam

131 4409 233 4484 decora
254 4421 287 4486 at
309 4419 444 4504 gloriosa
458 4417 600 4502 patienti,
623 4436 718 4501 qnam
739 4415 830 4481 foeda
852 4417 883 4482 et
906 4415 1051 4484 indecora
1073 4417 1293 4484 mandantibus
1315 4417 1365 4482 at·

132 4535 185 4598 que
204 4524 422 4608 exequentibus
451 4523 573 4602 extitit,
604 4523 804 4590 (tabennense
834 4521 1026 4587 Gubernium
1052 4523 1160 4588 diebus
1183 4523 1235 4588 23.
1258 4519 1366 4586 Martii
