2990 4934
1307 9 1475 179 Τ

201 377 280 454 31ος
303 375 349 460 ibi
371 375 503 461 legitur:
530 374 697 441 ›Indutum
720 373 859 450 vestibus
884 371 1127 441 suoerdotulibus
1149 374 1212 441 albi
1237 373 1363 452 eoloris,
1385 393 1431 437 eo·

200 480 283 546 lobio
305 481 338 548 el
359 477 548 564 omophorio,
570 479 754 562 triumphali
780 498 891 564 pompe
917 479 955 545 sd
982 481 1199 548 coemeterium
1227 477 1429 544 detulerunt«

201 583 246 649 Ex
269 581 456 669 Eutychiani
494 581 654 648 Pontifiois
687 582 812 648 deoreto
841 582 911 649 libr.
936 585 965 649 2.
994 582 1031 648 de
1058 584 1095 650 R.
1121 581 1270 648 Pontifioe
1302 581 1430 665 legitur:

201 185 265 255 230
371 203 534 272 Sebodrep.
562 203 629 258 Dus
647 202 794 258 Studium
812 204 865 258 des
883 191 1120 258 ldis-cbe'urucbts¹
1139 205 1174 258 in
1192 201 1278 258 Bono

204 688 267 754 »Ut
284 705 423 772 quemeq.
446 685 585 752 fidelium
608 685 763 771 sepeliret,
787 688 854 752 sine
873 686 1041 753 dalmatico
1064 689 1120 752 out
1136 685 1254 752 eolobio
1269 687 1431 769 purpurato

201 791 287 858 nullu
309 793 429 858 ratione
461 791 634 876 sepeliret«
682 791 764 874 Quid
787 793 891 858 eutem
915 793 946 857 iu
971 792 1019 857 his
1048 790 1286 858 auotoritulibus
1312 809 1368 873 per
1389 809 1431 854 ce

75 965 79 970 ,
200 895 317 962 lobium
330 893 573 962 uldalmationm
585 893 785 979 intelligitur,
810 895 971 979 exponitur
984 895 1091 961 multis
1110 894 1196 972 loeis,
1215 894 1335 959 seilieet
1355 895 1430 958 reste

200 998 369 1082 humeruli,
396 997 417 1065 i.
443 1019 470 1065 e.
498 997 593 1081 pullio
628 999 661 1064 et
694 997 764 1064 eliis
796 999 961 1066 similibus.
1005 999 1039 1066 Si
1068 989 1175 1084 egitur
1207 999 1245 1065 de
1278 997 1431 1082 sepulture

200 1099 432 1186 Arehiepisoopi
446 1099 603 1179 translati,
628 1102 702 1167 telis
727 1103 982 1187 brebiepinoopus
1005 1095 1100 1168 etium
1126 1123 1197 1168 oum
1219 1102 1322 1186 priore
1344 1100 1429 1184 pullio

200 1207 324 1292 sepeliri
346 1205 455 1284 debet3
479 1205 558 1271 retio
581 1207 645 1285 est,
669 1207 741 1290 quio
764 1207 830 1292 ejus
851 1207 980 1292 pellium
1004 1208 1090 1292 prius
1112 1208 1144 1273 in
1163 1208 1235 1292 jure
1256 1206 1294 1271 ub
1319 1225 1357 1272 eo
1378 1205 1429 1281 die,

199 1329 259 1394 quo
281 1309 376 1400 priori
391 1309 538 1374 ecelesiae
559 1310 662 1388 eessit,
686 1311 842 1394 sepultum
862 1310 1070 1402 intelligitur3¹
1093 1329 1278 1395 sequerere
1296 1325 1428 1375 remoue

198 1416 255 1480 bat
268 1415 301 1480 in
312 1413 453 1492 eeclesia,
476 1413 621 1498 adquam
641 1415 726 1498 prius
745 1417 903 1500 tamquam
918 1416 1172 1500 Archiepisoopus
1183 1415 1344 1499 promotus
1356 1413 1429 1485 ereb

199 1517 254 1584 sed
276 1518 447 1607 translatus
477 1517 555 1584 illud
586 1518 718 1584 debebat
745 1539 848 1585 seeum
869 1522 966 1598 ferre,
992 1521 1072 1610 ,lieet
1091 1539 1127 1586 eo
1150 1509 1282 1604 emplius
1304 1518 1354 1583 uti
1376 1535 1426 1582 non

196 1623 298 1707 posset
321 1623 353 1690 et
376 1621 499 1706 quidem
522 1623 670 1707 sepelitur
691 1643 762 1688 oum
785 1642 837 1703 eo,
868 1624 974 1690 itaut
996 1625 1124 1708 pellium
1148 1626 1300 1708 postremo
1325 1641 1425 1700 neuen

196 1728 263 1792 tum
286 1725 380 1810 priori
403 1730 628 1811 superponetur
642 1727 701 1806 vel,
723 1727 803 1811 quod
825 1731 928 1813 mopis
950 1748 1117 1815 congruum
1139 1728 1271 1806 videtur,
1294 1731 1426 1793 mortuus

196 1825 453 1915 Arobiepisoopus
476 1831 570 1914 pullio
588 1833 749 1914 posterius
771 1835 895 1918 ucoepio
921 1833 1085 1914 induetur,
1116 1836 1250 1902 alterum
1272 1853 1346 1902 vero
1369 1851 1425 1898 eor-

196 1933 263 2018 pori
292 1935 325 1999 et
353 1933 447 2019 eupiti
477 1935 543 2019 ejus
563 1935 770 2020 subjiciatur,
796 1975 834 1984 —
860 1940 985 2005 duotore
1007 1939 1187 2006 innoeentio
1210 1939 1264 2006 IV.
1286 1939 1322 2004 in
1351 1957 1424 2004 oom-

197 2038 350 2104 meuterio
380 2039 420 2103 ud
450 2057 514 2122 esp.
545 2041 575 2106 2.
606 2041 637 2107 h.
660 2041 684 2109 t.
709 2043 741 2107 et
766 2031 889 2107 Abbete
917 2043 991 2108 ibid.
1019 2065 1048 2110 n.
1083 2047 1112 2112 7.
1159 2043 1423 2128 Arehiepisoopum

196 2153 276 2226 ergo·
301 2160 371 2206 eum
402 2142 497 2226 pullio
527 2161 582 2208 suo
612 2145 705 2210 etium
740 2145 949 2229 sepeliendum
976 2165 1059 2228 osse,
1092 2147 1124 2212 in
1154 2147 1287 2212 seeundo
1314 2164 1423 2231 quoque

196 2245 286 2328 perte
306 2265 325 2310 a
349 2245 497 2311 Pontifioe
513 2247 651 2313 Romano
673 2249 757 2314 route
780 2249 915 2316 decisum
940 2251 1009 2318 luit.
1025 2289 1070 2302 -
1083 2252 1216 2336 Ideoque
1238 2251 1269 2315 iu
1292 2251 1423 2316 omnibus

196 2348 455 2415 meseonem
479 2350 646 2416 curenno
668 2352 725 2418 111.
1007 2333 1011 2344 '
1474 2355 1475 2374 ¹

299 2453 391 2518 Nune

557 2557 720 2645 Responsio
743 2561 889 2627 rationum
911 2561 1071 2628 dubitandi.

300 2659 406 2725 Primo
430 2659 600 2726 dillioultus
622 2663 763 2746 opposite
785 2665 854 2730 erut
876 2667 983 2730 eontra
1005 2665 1136 2747 primam
1159 2667 1278 2749 purtem
1304 2664 1420 2731 decisio·

197 2763 244 2828 uis
266 2763 396 2827 Romuni
420 2763 580 2829 Pontifieis
602 2767 634 2830 et
656 2766 701 2831 sie
723 2768 866 2833 sonabat:
894 2768 973 2833 Vide
996 2789 1024 2853 p.
1048 2771 1122 2837 227.
1146 2771 1171 2849 I,
1197 2771 1224 2836 1.
1472 2849 1473 2854 ἵ

299 2865 388 2952 Nego
410 2867 595 2952 principium
619 2871 802 2938 antecedens
825 2873 858 2938 in
880 2892 936 2938 suu
957 2874 1172 2959 generalitate,
1196 2895 1237 2942 so.
1261 2877 1343 2961 quod
1365 2893 1419 2940 om·
1472 2855 1473 2905 ¹

196 2989 250 3036 ues
272 2989 338 3051 res,
361 2989 440 3055 quoe
462 2972 619 3040 innostro
642 2976 777 3042 dominio
801 2979 891 3057 sunt,
914 2997 1054 3063 quaeque
1076 2979 1205 3045 mobiles
1227 2981 1317 3058 sunt,
1348 2997 1420 3044 oom-

197 3073 314 3140 moduri
336 3078 478 3160 possuut3
506 3077 558 3143 sed
583 3078 742 3166 distinguo
771 3099 875 3147 omnes
897 3101 945 3148 ros
973 3084 1103 3148 mobiles
1127 3086 1155 3151 l.
1178 3085 1280 3148 iures
1303 3083 1419 3148 mobiles
1471 3049 1472 3135 l

195 3197 257 3243 non
289 3180 465 3262 personales
487 3181 526 3278 'et
559 3184 589 3250 2.
624 3184 657 3249 iu
685 3203 734 3250 res
770 3187 899 3252 mobiles
933 3187 1126 3270 personalem
1160 3187 1292 3254 concedo
1329 3183 1417 3271 quood
1470 3255 1471 3270 ,

192 3282 346 3366 primum3
376 3302 460 3370 nego
477 3287 578 3370 quoad
601 3289 787 3368 seeundum
818 3311 889 3357 nem
919 3292 1093 3357 invocatum
1123 3293 1305 3378 principium
1326 3292 1417 3358 loeum
1470 3277 1471 3363 l

193 3399 254 3451 non
276 3386 371 3452 hebet
393 3388 425 3453 in
449 3390 558 3471 rebus,
582 3412 659 3476 quoe
682 3395 755 3459 sunt
777 3414 826 3460 res
846 3387 1037 3481 personalem
1067 3396 1197 3479 pallium
1220 3415 1291 3462 vero
1310 3398 1360 3461 e‘et
1378 3409 1417 3458 res

193 3491 458 3572 personalissimo,
494 3495 576 3559 moui
598 3515 691 3579 supra
720 3498 892 3566 iuratione
919 3499 1080 3566 deoideudi
1109 3501 1321 3584 probavimus,
1356 3515 1415 3582 ergo
1469 3515 1470 3593 p

192 3611 248 3658 neo
269 3593 398 3679 pallium
422 3595 476 3662 elii
499 3598 687 3665 commodari
709 3603 820 3685 potest.

295 3699 388 3765 Nono
411 3701 454 3766 ud
476 3701 666 3770 evellendum
686 3707 855 3772 seeundum
877 3707 1095 3790 dispondeum
1111 3657 1240 3791 primae
1255 3710 1369 3791 portes.

294 3801 422 3870 Dictum
445 3807 512 3870 eret
534 3805 590 3887 ibi,
616 3807 889 3894 Arohiepiseopum
913 3811 1008 3877 olium
1030 3812 1292 3896 erebiepiseopum
1315 3813 1354 3878 ud
1374 3829 1413 3876 ee·

189 3903 370 3972 lebrandum
393 3907 424 3971 iu
452 3909 574 3992 propria
604 3910 734 3978 dioecesi
764 3913 895 3980 inritare
927 3935 1014 4000 posse
1043 3914 1136 3982 siouti
1165 3917 1314 3983 traditum
1344 3913 1413 3982 esset
1467 3951 1468 3994 ,

188 4008 220 4072 ln
235 4026 349 4075 oenone
365 4011 534 4096 »episcopi«
554 4014 714 4100 trigesimo
730 4019 838 4084 octeno
854 4038 948 4086 eausa
963 4021 1289 4106 septimoquaestioue
1304 4021 1409 4106 primur
1467 3995 1468 4052 ¹

187 4129 242 4195 per
263 4113 418 4196 quandum
441 4133 515 4201 ergo
537 4120 787 4202 oonsequeutium
803 4122 830 4187 ei
849 4124 944 4190 etiem
966 4125 1095 4209 pallium
1119 4143 1209 4191 suum
1232 4125 1410 4192 commodare
1466 4111 1467 4200 l

187 4217 299 4300 pense.
1190 4243 1196 4252 ·
1466 4203 1467 4281 l

294 4318 402 4424 Quoad
424 4323 568 4406 primum,
586 4363 625 4374 —
641 4329 829 4394 eomodo-so.
851 4331 931 4414 quod
955 4351 1034 4398 unus
1049 4333 1304 4418 Arobiepisoopus
1326 4334 1408 4399 ulium

185 4420 447 4509 arehiepiscopum
470 4427 603 4495 innitere
626 4429 732 4515 possit,
756 4436 791 4498 ut
814 4433 845 4497 in
867 4452 924 4500 sus
946 4435 1103 4519 prouincia
1124 4437 1302 4506 solemniter
1325 4436 1406 4504 saorl-

185 4525 440 4611 demeteret,
463 4569 500 4579 -
524 4532 578 4600 sed
600 4553 679 4624 nego
710 4555 910 4626 eousequens3
940 4557 1012 4616 uani
1032 4542 1138 4629 potero
1166 4543 1340 4632 prohibitus
1367 4539 1406 4608 est
