3078 4934
234 149 295 212 180
333 165 451 234 Papscr.
469 163 581 219 prover.
599 181 627 220 υ.
645 164 691 220 rc.
710 162 797 262 sepa
809 165 885 220 rara
900 168 957 233 rar
976 167 1038 222 aea
1062 165 1173 222 unere
1192 165 1309 222 constr.
1330 161 1459 228 unae.

231 339 346 404 tiorum
368 337 537 418 erectione,
570 339 639 404 tum
664 338 696 404 in
719 339 896 406 eommdem
918 339 1137 406 Ratisbonensi
1164 338 1399 406 archisodnlitio
1421 358 1474 422 ag-

231 444 412 531 gregatione
434 462 595 524 sanamus,
623 443 669 508 ita
691 446 728 510 ut
747 443 872 509 illorum
900 445 1129 510 institutionem
1154 446 1185 509 et
1207 443 1472 530 aggregationem,

230 549 456 615 nonobstante
479 548 647 614 distantiae
670 547 806 629 defectu,
839 548 960 615 validas
990 549 1113 615 omuino
1142 567 1208 614 osse
1238 546 1323 614 hisce
1346 547 1472 613 Litteris

231 653 433 721 declaremus,

336 759 521 824 »Praeterea
536 756 717 841 Apostolica
738 757 814 824 item
839 758 1025 824 auctoritate
1047 759 1175 838 Nostra,
1199 758 1305 823 tenore
1327 775 1470 841 praesen·

229 863 320 938 tium,
343 863 528 947 derogantes
544 881 598 946 pro
622 861 799 946 hujusmodi
822 862 976 928 sodalitiis
998 863 1030 928 in
1054 861 1221 928 Germania
1243 863 1367 927 tantum
1392 881 1471 927 erec-

229 968 272 1032 tis
299 970 392 1052 atque
423 967 580 1053 erigendis
609 965 832 1035 constitutioni
860 967 1025 1036 memorati
1056 966 1303 1034 Praadecessoris
1332 966 1470 1047 Nostri¹l

229 1073 425 1143 concedimus
447 1071 483 1136 nt
501 1069 645 1154 deinceps
667 1071 701 1135 in
723 1073 866 1138 universa
881 1069 1049 1138 Germania
1071 1072 1256 1158 quicumque
1279 1070 1471 1150 Ordinariua

218 1178 318 1244 'noddo
343 1176 454 1243 talla
475 1175 644 1242 distantiae
658 1177 789 1258 ratione,
814 1177 959 1243 sodalitia
975 1177 1113 1243 Matrum
1130 1175 1388 1256 Christianarum,
1411 1195 1472 1242 ser-

228 1281 309 1345 uatis
332 1279 412 1362 quod
435 1279 474 1344 nd
497 1280 598 1345 catera
620 1279 788 1360 servandis,
810 1282 930 1366 eripere
952 1281 1049 1364 possit
1070 1283 1102 1346 et
1121 1280 1222 1359 licite;
1244 1282 1342 1364 utque
1365 1281 1471 1346 eadem

228 1385 272 1450 sic
294 1401 348 1468 per
369 1382 547 1450 Ordinatios
575 1385 658 1468 ipsos
685 1385 718 1449 in
741 1384 907 1452 Germania
936 1389 1056 1466 erecta,
1090 1385 1310 1452 Ratisbonensi
1331 1385 1470 1452 Matrum

228 1487 476 1554 Christianarum
499 1487 746 1554 archisodalitati
768 1491 936 1576 aggregari
958 1487 1053 1556 libere
1075 1489 1222 1575 liciteque
1241 1490 1372 1574 possint.

332 1593 544 1676 Praecipimus
567 1612 637 1659 vero
661 1595 693 1658 et
714 1593 909 1675 mandamus,
933 1595 969 1660 ut
984 1594 1131 1662 sodalitia
1151 1595 1229 1661 haec
1251 1595 1315 1660 sire
1338 1595 1372 1660 in
1396 1597 1470 1661 cios·-

226 1697 342 1764 tatibus
364 1698 419 1762 aut
441 1698 587 1780 oppidIc,
623 1697 687 1764 sive
718 1700 791 1764 rari
817 1698 850 1765 in
877 1700 1027 1783 paroeciis
1054 1719 1133 1785 quae
1159 1699 1263 1785 plures
1292 1718 1394 1786 pagos
1424 1701 1471 1765 vel

226 1803 294 1869 loca
317 1803 509 1892 commeant,
539 1823 602 1870 aron
624 1804 660 1868 irc
681 1804 789 1869 eodem
811 1805 957 1886 cocleae,
986 1825 1042 1872 nee
1063 1807 1099 1872 ia
1121 1807 1226 1873 eodem
1251 1805 1333 1884 loco,
1362 1804 1420 1870 sed
1440 1805 1469 1868 in

225 1907 373 1986 ecclesiis,
398 1908 533 1992 locisque
559 1907 688 1974 dirersis
711 1908 902 1994 erigantur«
979 1907 983 1916 ’

330 2118 357 2189 1)
376 2118 523 2176 Clementis
541 2120 595 2175 ΡΡ.
614 2119 698 2185 VIII.¹
718 2120 765 2189 qui
786 2120 814 2174 iu
832 2119 1034 2178 Constitutione
1052 2137 1100 2175 sua
1120 2122 1341 2192 Quaecumque
1359 2139 1380 2177 a
1396 2121 1469 2178 Sede

225 2205 421 2276 Apostoltca,
445 2209 471 2263 d.
497 2207 522 2264 d.
546 2210 571 2264 7.
590 2208 653 2262 Doc.
672 2207 739 2262 1604
762 2205 832 2263 hanc
856 2208 1005 2264 distantiae
1031 2207 1095 2278 (rad
1121 2209 1174 2262 tria
1197 2207 1360 2278 milliaria«)
1383 2209 1468 2279 legem

224 2293 349 2349 sancivit.
