2990 4934
243 187 403 262 Scbddrey.
433 193 499 249 Das
518 191 664 250 Studium
689 195 743 250 des
762 195 998 252 Kirchenrcchls
1020 200 1055 252 irc
1073 197 1160 254 Rom.
1267 185 1329 250 229

502 366 631 434 Ralla
664 367 912 437 decidendi.

187 467 417 550 Nihilominus,
430 470 544 536 decisio
574 471 705 538 Romam
729 471 887 538 Pontificis
917 473 950 538 in
980 475 1122 542 omnibus
1152 479 1275 564 cepstat
1296 482 1329 546 st

81 572 229 654 sequenti
253 572 343 638 ruodo
366 573 551 642 delenditur.

186 675 326 742 Pallinm
349 677 448 758 enim,
481 678 518 744 de
540 697 600 762 quo
623 678 746 764 agitur,
777 681 826 746 est
846 680 1004 762 personale
1028 682 1067 746 ad
1090 684 1272 752 instantiam
1295 691 1327 754 et

78 779 267 861 petitionem
298 764 537 866 archispiscopo
568 801 764 863 consessum,
803 784 1047 882 suffragantibus
1085 787 1151 872 ejus
1190 791 1326 870 meritis;

78 884 132 949 sed
158 904 244 968 quae
266 883 439 970 pomonalis
460 889 550 965 sunt,
574 887 645 952 aliis
667 887 857 953 commodari
881 907 941 953 non
964 891 1109 972 possunt,
1133 911 1159 957 o.
1183 894 1325 980 privileg.

78 987 117 1054 de
140 1008 209 1074 reg.
232 990 292 1074 jur.
316 991 349 1055 in
371 992 417 1072 6.;
440 991 539 1074 igitur
561 1010 618 1056 nec
645 991 778 1075 pallium
800 993 961 1075 tamquam
983 995 1142 1077 personale
1165 997 1220 1062 alii
1242 1018 1326 1064 com·

80 1093 203 1158 mederi
233 1096 351 1177 potest·
391 1091 539 1161 noemia:
573 1095 661 1162 Adeo
693 1095 824 1179 pallium
857 1097 985 1180 respicit
1016 1117 1178 1181 personam
1213 1100 1331 1186 hrehi-¹

77 1197 236 1282 episcopi,
258 1199 295 1264 ut
317 1199 576 1282 Metropolitanus
599 1199 685 1267 illius
708 1200 867 1280 ecelesiae,
892 1202 973 1284 quod
997 1202 1025 1268 si
1048 1203 1114 1288 ipse
1137 1205 1325 1274 transfertur

78 1301 110 1366 in
133 1301 236 1368 aliam
258 1303 420 1370 ecclesiam
443 1303 588 1370 similiter
603 1303 906 1388 archiepiscopalem,
929 1305 1053 1371 tenetur
1067 1325 1178 1374 novum
1193 1309 1323 1393 pallium

78 1407 157 1472 ait.
183 1407 335 1473 Pontidce
362 1411 466 1492 petere
494 1429 549 1474 nec
579 1409 679 1492 primo
709 1427 851 1475 concesso
878 1409 995 1476 intuitu
1024 1410 1143 1494 primae
1176 1413 1324 1480 ecclesiae

79 1511 126 1575 uti
142 1512 260 1594 potest,
276 1531 342 1595 cap.
358 1512 389 1578 4.
405 1511 443 1578 de
458 1512 666 1596 postulatione
684 1512 900 1594 praelatorum,
926 1499 978 1578 uhi
993 1514 1025 1578 in
1048 1513 1107 1580 line
1131 1514 1208 1582 haec
1230 1518 1324 1584 rerba

79 1613 297 1680 inveniuntur:
316 1616 385 1680 snt
407 1615 538 1682 eundem
561 1615 851 1701 Archiepiscopnm,
872 1617 903 1681 in
926 1636 1017 1701 quem
1040 1638 1163 1697 omnes,
1192 1639 1323 1704 querum

80 1737 250 1785 consensus
271 1719 304 1784 in
327 1719 476 1786 electione
505 1720 554 1785 vel
577 1720 785 1803 postulatione
816 1719 947 1804 pastoris
968 1721 1149 1806 requiritur,
1181 1724 1256 1790 licet
1276 1725 1324 1790 di·

80 1821 176 1887 versis
198 1823 393 1907 temporibus
415 1826 630 1909 convenerant,
653 1845 671 1890 a
693 1824 828 1902 vinculo,
852 1842 911 1909 qno
931 1825 1133 1906 tenebantur,
1168 1827 1322 1896 Colooent.

81 1927 240 1994 Ecclesiae
262 1927 471 2009 absolventes,
502 1927 542 1994 ad
564 1928 759 2012 metropolim
782 1926 958 2012 Strigoniae
980 1929 1208 2013 transierimus,
1241 1934 1273 1999 et
1294 1932 1323 1998 ei

81 2029 242 2097 licentiam
265 2030 433 2097 tribuimus
455 2031 652 2098 transeundi:
675 2031 804 2115 pallium
826 2031 855 2096 ei
877 2031 917 2096 ad
941 2050 1051 2098 noman
1073 2034 1105 2097 et
1127 2053 1217 2102 usum
1240 2037 1332 2120 ejus·=

81 2134 151 2200 dem
174 2135 326 2202 ecelesiae
355 2135 598 2202 transmissuri«
645 2134 749 2219 Igitur
775 2134 905 2218 pallium
928 2134 1164 2220 Archiepisoopo
1198 2158 1322 2208 conoes-

82 2257 149 2304 sum
172 2260 234 2305 non
257 2240 361 2322 potest
383 2239 571 2306 commodari
593 2239 653 2323 ipsi
674 2239 707 2304 in
731 2238 826 2304 aliam
849 2238 1009 2310 ecelesiam
1033 2241 1196 2324 translato,
1219 2244 1322 2310 minus

81 2340 198 2409 valebit
221 2343 351 2426 pallium
370 2342 600 2427 Archiepisoopi
623 2343 716 2408 alteri
731 2341 935 2408 commodari:
958 2361 1015 2409 nec
1034 2363 1195 2412 successor
1208 2347 1322 2414 Archi·

82 2445 216 2532 episcopi
236 2448 337 2532 priore
360 2447 454 2531 pallio
476 2446 522 2511 uti
545 2448 657 2530 potest,
681 2445 754 2530 quia
774 2446 904 2530 pallium
929 2465 988 2511 non
1011 2447 1126 2513 transit
1145 2449 1178 2514 in
1198 2467 1320 2518 succes·
1394 2459 1402 2480 ⁸

82 2568 197 2632 sorem,
230 2552 284 2619 sed
315 2552 409 2618 etiarn
430 2551 458 2616 is
481 2569 593 2617 norum
613 2551 744 2642 pallium
774 2553 879 2635 petere
901 2547 1011 2629 debet,
1045 2551 1138 2617 sicuti
1161 2552 1194 2618 in
1216 2554 1319 2640 glossa

82 2647 146 2738 cap.
170 2659 201 2722 2.
224 2656 254 2724 h.
278 2657 301 2724 t.
326 2657 358 2722 et
380 2657 501 2740 incap.
524 2656 629 2722 Bonae
651 2655 785 2721 stratio
808 2656 856 2720 est
879 2655 951 2739 quia
970 2655 1023 2738 jus
1045 2655 1170 2739 quidem
1191 2656 1280 2741 pallii
1302 2675 1320 2722 a

82 2757 158 2826 Sede
169 2761 350 2846 Apostoliea
361 2777 535 2825 conoessum
550 2760 667 2826 censori
685 2779 745 2845 non
765 2759 905 2826 debetut
922 2758 1120 2845 privilegium
1132 2761 1225 2840 reale,
1248 2762 1320 2846 quia

82 2861 213 2930 debetur
235 2863 387 2948 dignitati
408 2863 672 2949 Archiepisoopali
698 2863 788 2947 eiquo
818 2862 966 2929 adhaeret
995 2862 1124 2948 ideoque
1154 2866 1249 2932 etiem
1280 2866 1320 2932 ad

81 2970 253 3048 quemlibet
279 2987 483 3035 successorem
513 2987 573 3034 non
603 2967 733 3047 transit3
766 2967 834 3050 ipsa
860 2968 966 3035 tamen
996 2969 1150 3035 concessio
1172 2969 1261 3052 pallii
1284 2970 1321 3036 fit

83 3089 229 3152 personae
251 3091 321 3138 enm
343 3072 538 3138 restrictione
561 3071 600 3137 ad
623 3072 741 3137 camum
769 3071 873 3137 locum
894 3071 915 3139 i.
939 3089 964 3136 e.
988 3070 1027 3136 ad
1051 3072 1196 3138 ecclesias
1218 3076 1320 3140 comae

84 3174 275 3255 provincias,
299 3179 346 3241 ita
367 3178 404 3242 ut
425 3176 503 3242 haec
524 3193 654 3259 persona
673 3191 764 3239 usum
787 3175 853 3258 ejus
877 3173 968 3240 alteri
991 3174 1156 3241 concedere
1178 3180 1320 3260 nequeat,

85 3279 134 3343 sed
164 3280 245 3346 illud
269 3298 430 3364 personam
457 3276 706 3362 inseparabiliter
734 3278 880 3361 sequatur
910 3281 941 3342 et
964 3296 1034 3342 oum
1051 3295 1195 3362 ‚persona
1222 3279 1322 3346 extin-

85 3390 215 3466 gnatum
238 3385 367 3469 pallium
391 3403 463 3468 ergo
486 3381 739 3448 considerandum
756 3382 804 3446 est
819 3380 917 3447 veluti
931 3381 1129 3467 privilegium
1152 3384 1321 3467 personale,

85 3489 163 3570 quod
183 3509 344 3574 personam
371 3507 433 3554 non
456 3487 587 3572 hansil3
620 3484 794 3570 personalia
812 3487 922 3552 'autam
952 3485 1023 3552 aliis
1050 3487 1237 3554 commodari
1267 3507 1321 3555 ne·

86 3599 209 3674 queunt,
233 3593 339 3660 eudem
364 3591 453 3657 modo
475 3594 512 3657 ut
533 3610 663 3675 persona
685 3591 753 3672 ipse
775 3589 963 3655 commodari
990 3610 1049 3658 nou
1072 3593 1184 3675 potest,
1208 3594 1244 3657 ut
1265 3592 1321 3658 de·

87 3701 170 3764 cetur
192 3700 224 3765 in
245 3698 316 3783 loge
342 3697 434 3782 »quia
455 3697 537 3762 tals«
556 3698 586 3762 ff.
610 3699 642 3762 et
656 3697 689 3760 in
712 3713 779 3779 cap.
804 3694 1020 3780 »privilegium
1044 3695 1083 3761 de
1104 3696 1221 3781 regulis
1240 3695 1320 3779 juris

87 3799 117 3864 in
131 3803 171 3882 6.,
193 3805 277 3870 recte
300 3821 374 3887 ergo
396 3801 527 3885 pallium
550 3800 620 3866 aliis
641 3798 826 3866 commodari
850 3816 910 3864 non
932 3815 1031 3882 posse,
1052 3799 1084 3865 in
1102 3801 1213 3883 pmcne
1233 3801 1320 3884 parte

89 3923 104 3966 a
126 3906 275 3975 Pontiliee
297 3906 434 3973 decisum
456 3905 526 3972 luit.
915 3993 918 3998 ‚

185 4011 276 4078 hinne
297 4009 466 4078 mmndom
485 4011 605 4093 partem
628 4008 695 4092 ejus
718 4006 882 4074 decisionis
904 4007 1084 4092 probamus:
1108 4007 1128 4074 i.
1145 4027 1171 4074 e.
1190 4008 1320 4092 pallium

89 4129 154 4180 eum
176 4115 415 4199 archiepiscopo
438 4114 531 4180 debet
553 4111 687 4196 sepeliri.
1380 4191 1381 4194 Ἴ

186 4220 255 4286 Huc
276 4219 416 4304 sequitur
434 4219 456 4284 l.
477 4217 558 4302 quod
578 4235 678 4300 neque
700 4215 767 4300 ejus
789 4205 970 4282 successori
978 4233 1033 4280 nec
1056 4215 1109 4281 alii
1133 4215 1320 4282 commodari

90 4323 195 4404 amsii,
229 4322 339 4389 deiude
372 4321 413 4388 II.
448 4321 522 4405 quia
553 4322 602 4386 est
637 4317 832 4403 sepeliendus
871 4337 941 4384 cum
980 4318 1124 4404 insigniis
1154 4318 1319 4404 dignitatis

92 4429 299 4512 assequitur
321 4427 353 4492 in
376 4426 443 4494 vita
464 4425 676 4501 decorabatur,
699 4423 735 4487 ut
758 4423 963 4505 probaturos
986 4421 1064 4488 nelis
1088 4421 1174 4490 Petri
1197 4421 1319 4507 Marty-

92 4525 349 4626 mesammones
370 4528 581 4613 monuerim,
604 4527 712 4598 relatis
732 4547 751 4595 a
772 4527 906 4595 Barouio
924 4529 1008 4594 tomo
1030 4527 1124 4596 terto
1144 4525 1183 4594 ad
1203 4545 1318 4594 anuum
