3078 4934
394 193 447 249 Pae
464 194 524 248 PP.
542 193 597 250 IX.
623 189 749 263 Edepol.
767 194 797 248 d.
816 191 862 248 arr
877 191 1062 268 Novembris
1080 191 1165 249 18⁷3.
1334 175 1396 242 189

148 366 271 446 tentes,
287 366 540 434 ecclesiasticum
563 366 771 434 ministerium
794 367 946 434 saeculari
969 367 1174 434 dominationi
1195 365 1396 451 subjicientes

149 472 185 535 ot
207 471 329 536 omnino
345 471 595 562 schismaticam·
609 489 688 558 quas
708 470 845 557 proinde,
869 489 1005 558 eamque
1020 472 1214 554 nominatim,
1237 489 1316 557 quac
1329 471 1397 538 lata

149 576 201 642 est
223 594 253 640 a·
266 574 421 642 Gubernio
444 575 640 656 Solodoreosi
671 577 722 643 die
744 579 797 644 23.
821 577 1004 644 Decembris·
1023 597 1103 645 anno
1126 578 1228 658 1872,
1250 577 1395 662 reproha-

148 698 223 745 mus
243 681 276 744 ot
304 680 506 760 damnamus,
541 683 575 747 ct
596 683 756 766 tamquam
788 681 967 766 reprobatas
989 677 1031 748 ¹et
1055 681 1219 754 damnatas
1249 685 1396 768 perpetuo

148 784 311 851 habendas
333 785 535 852 decernimus.
576 785 679 867 Quum
702 805 790 871 porro
813 787 891 853 Van.
914 787 1024 854 Erater
1038 786 1397 872 EecpesiaeEpe'acopas

148 889 351 958 Basileeosis
368 891 455 976 justa
476 891 690 978 indignatione
712 894 744 959 et
766 892 946 977 Apostolica
968 891 1142 976 constantia
1163 892 1324 979 rejecisset
1345 912 1397 962 ar·

150 995 265 1062 ticulos
287 995 437 1079 quosdam
460 996 492 1061 io
508 996 714 1065 conciliabulo
730 1017 785 1064 scu
799 999 1002 1080 conferentia,
1025 999 1063 1064 ot
1078 997 1177 1084 ajunt,
1197 998 1395 1080 dioecesano,

149 1100 308 1184 adquam
339 1105 546 1168 convenerant
576 1101 722 1188 Delegati
753 1102 889 1187 quinque
925 1103 1082 1188 Pagorum
1109 1121 1204 1187 snpra
1230 1102 1395 1185 dictorum,

150 1206 354 1285 constitutos,
379 1205 499 1290 sibique
521 1205 709 1292 propositos,
741 1208 773 1273 et
796 1207 919 1273 omnino
941 1206 1146 1273 neeessariam
1169 1207 1300 1274 haberet
1318 1209 1395 1293 reji-

150 1310 254 1376 ciendi
284 1329 422 1392 causam,
456 1310 538 1395 quod
567 1311 773 1396 episcopalem
802 1311 1020 1378 auctoritatam
1049 1305 1226 1391 laederent,
1255 1311 1395 1398 regimen

149 1414 378 1480 hierarchicum
392 1413 630 1495 subverterent,
660 1416 694 1482 et
715 1416 835 1482 haeresi
858 1416 999 1484 faverent
1027 1417 1149 1502 aperte:
1178 1416 1217 1483 ob
1240 1435 1308 1484 eam
1329 1437 1396 1484 rem

150 1521 193 1585 ab
215 1519 403 1604 Episcopatu
426 1519 616 1602 dejectus,.a
637 1518 702 1584 suis
725 1519 854 1585 aedibus
875 1520 1051 1587 obstruatis
1074 1521 1107 1588 et
1129 1521 1161 1588 in
1184 1521 1310 1588 exilium
1330 1522 1397 1592 rio·

149 1625 254 1691 lenter
275 1626 364 1690 actus
386 1623 457 1690 fuit.
502 1623 581 1690 Tum
612 1624 732 1693 nullum
764 1625 882 1692 frondis
912 1629 969 1694 aut
990 1626 1161 1694 vexationis
1183 1646 1280 1713 genos
1302 1627 1397 1696 ornis-

149 1749 239 1810 sum,
268 1732 306 1795 nt
327 1730 361 1794 in
381 1727 517 1813 quinque
539 1727 636 1814 Pagis
663 1728 833 1814 praedictis
862 1730 964 1796 cleros
986 1731 1018 1798 ct
1039 1730 1176 1816 popolus·
1198 1732 1232 1797 in
1260 1731 1396 1798 schisma
1484 1749 1487 1753 ·

148 1833 368 1911 induceretur;
396 1832 597 1899 interdictum
626 1833 707 1900 clero
721 1853 750 1899 ·a
778 1833 917 1917 quolibet
949 1835 1132 1903 commercio
1165 1856 1235 1902 cum
1265 1837 1397 1904 Pastore
1429 1851 1440 1875 ·

150 1939 313 2020 exulante,
344 1939 525 2022 jussumque
555 1937 666 2004 datum
694 1938 868 2004 cathedrali
895 1937 1040 2024 Capitulo
1068 1940 1258 2022 Basileensi,
1290 1943 1328 2009 ut
1355 1941 1396 2008 ad

150 2043 335 2110 electionem
360 2042 475 2108 Vicorii
499 2042 688 2126 Capitolaris
710 2043 760 2110 vel
783 2043 1062 2128 Adnrinistrstoris'
1080 2045 1296 2128 convenirent,
1326 2065 1396 2132 por-

149 2147 224 2214 inde
247 2165 283 2214 ac
305 2147 333 2213 si
356 2145 451 2214 Sedes
473 2147 656 2231 episcopalis
676 2167 782 2232 reapse
804 2150 948 2227 vacarem
971 2148 1052 2233 quod
1067 2149 1202 2216 dacione
1230 2149 1395 2236 indignum

149 2253 277 2320 smoom
301 2251 482 2336 Capitulum
504 2252 590 2318 edita
612 2253 834 2336 protestatione
857 2255 895 2318 ab
918 2272 952 2319 se
971 2253 1090 2338 rejecit.
1120 2254 1250 2323 munim
1273 2255 1395 2324 decreto

149 2363 182 2425 et
202 2359 355 2424 sermacia
376 2357 631 2442 Magabtroteom
652 2357 793 2424 civiliaco
814 2357 1027 2426 Boucheton
1047 2377 1156 2424 eonem
1177 2363 1208 2426 et
1227 2361 1396 2444 secopiratc

145 2463 304 2547 parochis
331 2463 487 2530 territorii
507 2462 662 2529 Jareocio
684 2462 792 2546 ptimo
821 2461 976 2528 indictum
997 2465 1052 2543 est,
1081 2482 1122 2528 ae
1142 2463 1314 2530 ministerii
1342 2465 1396 2532 saci

146 2570 327 2652 fuocttoreas
348 2567 486 2645 obirent,
510 2565 582 2634 dein
603 2584 676 2632 voro
698 2566 878 2634 abdicatum
900 2563 1053 2646 officium,
1077 2566 1136 2634 hac
1157 2583 1221 2632 una
1241 2566 1280 2639 te
1302 2587 1396 2636 causa

150 2672 233 2758 quod
252 2673 357 2758 palam
378 2671 490 2740 testati
516 2672 639 2765 essens,
666 2689 734 2740 sose
759 2671 937 2758 legitimum
950 2721 953 2726 .
968 2671 1156 2774 Episcopum
1179 2673 1211 2738 et
1233 2673 1395 2742 Pastorem

150 2779 229 2846 Van.
252 2779 396 2846 Eratrem
423 2779 600 2864 Eugenium
623 2780 715 2846 unico
743 2799 924 2866 agnoscere,
955 2798 1010 2846 seu
1039 2781 1123 2848 nollo
1144 2799 1178 2848 se
1199 2780 1334 2866 turpiter
1355 2780 1395 2848 ab

149 2882 274 2949 unitate
297 2882 451 2950 catholiea
473 2883 650 2950 desciscere.
697 2885 766 2968 Quo
787 2885 906 2952 metum
930 2885 994 2966 est,
1022 2887 1058 2952 ut
1078 2885 1182 2952 totum·
1200 2884 1281 2952 illud
1303 2884 1397 2953 terri·

150 2989 267 3056 terium
296 2988 378 3073 quod
404 2987 591 3055 catholicam
620 2990 714 3056 fidem
748 2992 927 3060 constanter
959 2991 1147 3070 retinuerat,
1181 2991 1214 3057 ct
1245 2990 1396 3058 Bemorrsi

149 3094 239 3178 Pago
258 3093 445 3179 jampridem
464 3092 609 3178 junctum
631 3094 733 3160 fuerat
756 3114 792 3161 oa
814 3096 886 3182 lege
907 3097 1059 3180 pactoque
1082 3097 1119 3162 ut
1139 3095 1299 3182 religionis
1321 3113 1396 3161 suae

149 3199 284 3264 liberum
308 3199 403 3282 atque
424 3197 611 3264 inuiolatum
642 3199 821 3265 exercitium
846 3200 991 3282 haberet,
1019 3199 1242 3285 paroecialibus
1272 3199 1395 3266 concio-

149 3301 254 3381 nibus,
277 3302 465 3370 solemoibos
480 3301 687 3388 baptismatis,
712 3303 890 3388 nuptiarum
906 3307 938 3373 et
957 3306 1101 3372 iunerurn
1115 3305 1299 3390 privaretur,
1322 3323 1395 3372 con-

149 3409 300 3495 querente
329 3407 446 3474 frustra
461 3408 502 3474 ct
523 3407 713 3476 reclamante
732 3408 878 3476 ,odedum
905 3409 1109 3477 multitudine
1131 3410 1198 3496 jam
1227 3429 1281 3495 per
1310 3428 1395 3476 sum·

148 3531 235 3580 mam
258 3511 404 3598 injuriam
428 3513 461 3578 in
482 3512 541 3578 hoc
562 3512 730 3580 discrimen
752 3513 898 3597 adducta,
921 3516 958 3582 ut
979 3514 1029 3582 vel
1051 3514 1265 3582 schismaticos
1287 3514 1396 3582 hacre-

148 3619 290 3702 ticosque
311 3618 450 3703 pastores
472 3617 599 3701 politica
621 3619 809 3698 auctoritate
830 3619 985 3688 instrosos
1004 3619 1150 3704 recipere,
1176 3619 1226 3686 vel
1246 3637 1394 3705 quocum-

148 3741 210 3808 que
232 3721 427 3788 sacerdotum
449 3721 566 3788 auxilio
589 3724 621 3789 et
642 3723 816 3791 ministerio
837 3724 970 3792 destitui
992 3726 1134 3811 cogatur.

254 3827 320 3894 Nos
340 3826 449 3912 utique
470 3828 537 3894 Deo
559 3828 771 3896 benedicimus
799 3830 853 3914 qui
876 3830 984 3898 eadem
1006 3831 1128 3916 gratia,
1159 3846 1222 3915 qua
1242 3829 1395 3915 martyres

147 3930 225 3998 olim
247 3931 387 4017 erigebat
403 3933 434 3997 et
450 3932 663 4015 confirmabat,
686 3935 844 4001 sustentat
866 3934 957 4003 modo
979 3953 1016 4002 ac
1037 3935 1162 4002 roborat
1184 3935 1395 4020 campartem

147 4035 282 4104 electam
313 4035 460 4104 catholici
490 4039 612 4123 gregis,
643 4057 722 4123 quae
750 4039 885 4108 viriliter
917 4042 1061 4126 sequitur
1090 4040 1275 4126 Episcopum
1304 4058 1395 4106 suarm

147 4141 353 4225 opponentem
374 4161 499 4232 murum
528 4161 584 4228 pro
613 4143 703 4211 domo
733 4145 829 4212 lsrael
851 4147 888 4212 nt
910 4147 974 4212 stet
999 4145 1033 4212 io
1059 4145 1176 4231 praelio
1202 4145 1236 4211 in
1258 4144 1309 4212 die
1330 4143 1395 4212 Do-

147 4245 234 4312 mino
255 4245 380 4333 (Enoch.
406 4247 457 4330 13,
481 4248 534 4334 5.),
558 4249 591 4314 ot
612 4249 718 4316 nescia
738 4249 914 4318 formidinis
937 4251 1078 4337 vestigiis
1100 4238 1284 4337 ingreditur
1297 4249 1394 4334 ipsius

148 4349 271 4435 Capitis
291 4349 467 4436 Martyrum
489 4351 583 4418 lesus
605 4351 740 4435 Christi,
771 4353 844 4421 mm
874 4355 948 4441 agni
970 4355 1239 4430 mansuetudinem
1262 4355 1395 4423 ferociae

146 4455 300 4542 luporum,
314 4455 463 4539 objiciens
486 4457 579 4524 tidem
601 4476 691 4525 suam
712 4458 859 4527 alacriter
881 4461 1119 4546 constanterque
1141 4460 1327 4546 propugnat.

254 4561 306 4645 [4]
328 4559 475 4642 Nobilem
498 4561 578 4629 hanc
600 4563 816 4632 Helvetiorum
834 4565 975 4632 fidelium
994 4565 1203 4632 constantiam
1218 4564 1394 4633 aemulatur
