2990 4934
217 190 381 268 samerey.
404 196 470 253 Das
492 195 637 255 sacceum
655 199 710 256 dee
728 198 964 256 Ktrchcnrechte
982 199 1019 254 ire
1039 197 1127 256 Rom.
1233 157 1320 248 233ι

164 370 282 436 lterum
305 389 342 436 ex
363 369 495 437 historia
523 370 562 438 ab
592 370 708 456 Optato
738 369 920 468 hfileuitauo
942 371 980 438 de
1002 371 1170 440 schismate
1192 373 1297 438 Dona·

62 475 205 540 tistarum
227 475 343 560 scripta
371 475 451 542 libro
482 475 507 543 I.
537 493 584 560 cp.
611 477 663 543 23.
693 476 815 543 constet
844 475 979 544 Beatum
1001 475 1180 544 Maternum
1204 476 1299 543 luisse

62 581 183 644 tanturn
207 577 391 664 episcopum,
413 598 474 646 uon
503 597 576 647 vero
605 579 879 665 archiepiscopum.
923 579 1037 663 Quaeri
1063 579 1163 667 igitur
1185 580 1299 665 potest,
1331 593 1334 598 ’

62 681 165 746 utrum
187 681 315 765 pallium
342 683 439 748 etiarn
461 684 617 766 episcopie
639 681 759 750 liceat?

162 786 204 851 nt
225 803 341 866 revera,
363 787 504 871 quamvis
526 787 657 871 pallium
679 805 801 854 sacrum
831 787 952 874 insigne
975 786 1034 867 eit,
1057 787 1138 874 quod
1165 787 1238 854 solis
1260 787 1299 854 de

55 891 127 972 jore
150 890 299 973 competit
321 891 569 976 archiepiscopis,
592 892 732 957 attamen
754 909 791 956 ex
820 891 935 956 summi
956 891 1111 975 pontificis
1130 891 1299 976 privelegio

62 992 209 1072 nonnulli,
239 995 293 1077 qui
322 997 355 1060 et
375 1011 408 1060 ra
431 997 464 1060 et
486 993 608 1061 nornine
629 993 785 1078 simplices
815 995 950 1080 episcopi
971 995 1054 1074 sunt,
1077 995 1300 1062 consueverunt

61 1097 152 1179 pallio
176 1097 380 1166 condecorari.
403 1097 554 1184 Synagrio
576 1097 851 1186 augustodunensi
874 1101 1013 1185 episcopo
1035 1099 1163 1185 ejusque
1178 1117 1300 1165 succes·

62 1201 181 1268 sonibus
203 1201 243 1267 acl
266 1201 448 1286 petitionem
473 1202 673 1270 Brnnehildis
695 1203 845 1290 Reginae,
876 1203 970 1271 Pallii
993 1203 1138 1271 honorem
1160 1203 1299 1270 delatum

63 1304 132 1372 aS.
155 1305 306 1392 Gregorio
329 1307 442 1392 Magno
465 1307 612 1374 discimus
635 1327 671 1374 ex
700 1308 839 1393 ejusdem
869 1305 1012 1393 Gregorii
1041 1307 1172 1392 epistola
1194 1308 1299 1374 ceute·

61 1410 138 1476 sima
171 1411 351 1491 undecima,
386 1411 459 1478 libri
492 1413 574 1495 noni,
611 1397 790 1479 indictionis
826 1412 988 1480 secundae.
1053 1409 1157 1479 Porro
1195 1412 1301 1478 auctor

65 1513 125 1580 rita
148 1513 329 1581 Theoderici
360 1517 494 1601 episcopi
516 1516 665 1585 Maiensis
687 1516 836 1602 speciales
857 1533 1042 1601 prosequens
1068 1515 1300 1601 praerogativas

62 1619 247 1685 Metensinrn
271 1620 482 1704 episcoporum
513 1621 572 1687 ait:
606 1621 718 1687 ›Walo
747 1621 843 1686 etiam
872 1609 921 1686 s'ir
951 1638 1084 1704 magnae
1113 1618 1146 1685 iu
1176 1617 1299 1684 Christo

63 1723 251 1790 reverentiae
271 1723 359 1808 pallii
374 1743 464 1791 usum
489 1725 614 1804 meruit,
628 1725 753 1792 decreto
774 1723 904 1791 loannis
926 1723 1048 1807 papali;
1069 1721 1202 1790 Joannis
1214 1721 1300 1788 scili-

64 1828 111 1892 cet
131 1829 251 1906 oetam,
274 1829 363 1914 cujus
385 1828 529 1909 litterae,
562 1829 674 1914 quibus
700 1829 759 1896 hoc
780 1828 978 1914 privilegium
1008 1827 1141 1894 contulit
1162 1825 1300 1892 Walloni

64 1951 139 1998 anno
161 1933 419 2018 octingentesimo
440 1923 670 2020 septuagesimo
692 1935 812 2013 octauo,
835 1933 982 2018 leguntur
997 1933 1081 1998 torno
1094 1932 1181 1997 sexto
1199 1930 1299 2015 partis

64 2035 177 2118 primae
199 2035 234 2101 iu
256 2035 445 2103 Collectione
467 2036 632 2105 Harduini.
656 2037 741 2123 (pag.
767 2035 854 2122 121.)
897 2036 978 2102 Item
1000 2034 1129 2120 pallium
1145 2035 1299 2119 accepisse

64 2143 132 2206 ente
154 2142 186 2207 et
208 2143 280 2225 post
301 2141 476 2208 Wallonem
498 2142 602 2227 plnres
624 2142 782 2227 episcopos
802 2140 968 2219 Metenses,
990 2139 1064 2206 licet
1085 2139 1300 2222 archiepisco·

64 2243 122 2327 pali
138 2244 211 2330 jure
233 2264 293 2310 non
316 2246 498 2330 potirentur,
522 2247 644 2313 constat
665 2265 702 2312 en
724 2243 828 2310 Gallia
843 2241 1141 2310 christianarateris
1157 2243 1302 2308 editionis

65 2350 143 2415 ioum
165 2352 185 2414 3
210 2349 293 2435 (pag.
312 2351 370 2415 711
397 2352 429 2415 et
452 2349 571 2417 duabus
594 2349 836 2433 sequentibus).‹
862 2349 949 2414 luter
971 2348 1127 2432 episcopos
1149 2345 1300 2414 Medm-

66 2473 111 2518 ese
132 2454 284 2537 quendam
310 2455 552 2520 Hercurbertum
575 2453 670 2520 luisse
692 2451 789 2537 pallio
818 2451 1073 2529 cohonestatum,
1096 2450 1240 2522 narretur
1268 2449 1301 2514 in

68 2553 251 2624 Chronicoue
275 2557 441 2624 llindensi
478 2556 622 2623 Auctoris
645 2555 789 2642 anonymi
810 2562 882 2622 tom.
916 2555 942 2621 Ι.
978 2553 1164 2639 Scriptorsm
1197 2571 1300 2619 rerum

67 2656 330 2738 Gcrmanicarnm3
353 2660 514 2726 hleibomii
533 2661 664 2747 Junioris
686 2679 757 2746 pag.
774 2661 848 2740 552,
864 2659 918 2725 ubi
940 2659 998 2726 hos
1011 2656 1302 2743 iusuperautiqnis-

67 2762 154 2830 simos
173 2765 316 2851 rythmos
338 2765 482 2844 adducit;

425 2869 506 2935 Nam
528 2867 580 2935 hic
601 2868 731 2934 Praesnl
753 2869 922 2936 honoratur

426 2972 596 3038 Mindensis
618 2972 672 3056 qui
691 2971 847 3039 vocitatur

493 3075 658 3162 Dignitate
679 3075 785 3143 Pallii.

427 3181 515 3263 Quod
536 3182 613 3246 hene
635 3177 799 3250 Rationale

427 3285 509 3351 Nam
530 3283 607 3350 triui
628 3283 772 3367 Episcopi
900 3303 904 3308 ·

428 3389 565 3456 Tantum
586 3387 648 3454 isto
669 3385 851 3454 decorantur

428 3493 489 3560 Per
509 3512 599 3577 quem
623 3492 707 3559 recte
728 3492 915 3559 venerantur

432 3599 538 3677 hocas,
562 3596 644 3664 Gens
666 3597 699 3662 et
719 3593 840 3663 Clerici.

170 3702 381 3770 Alexandrum
410 3701 452 3770 Il.
484 3702 579 3767 Pallii
611 3701 756 3768 honoram
790 3697 956 3765 contulisse
989 3699 1133 3781 epiecom
1164 3695 1305 3763 Halte-

74 3807 219 3874 stadiensi
239 3809 277 3874 oh
300 3807 494 3874 concordiam
518 3805 600 3872 inter
620 3805 838 3890 imperatorem
853 3803 1024 3871 Henricum
1039 3801 1098 3868 llI.
1122 3802 1154 3868 st
1176 3799 1307 3866 eundem

74 3908 276 3978 alexandrum
307 3915 481 3997 promotam
510 3911 646 3977 testatur
676 3908 877 3976 Bucchardns
905 3908 938 3973 in
960 3905 1151 3973 chronicone
1173 3904 1307 3971 Halher·

76 4013 218 4084 stadiensi
240 4016 323 4101 apud
345 4015 552 4082 Leihnitzium
575 4017 659 4080 tomo
681 4013 725 4079 Π.
747 4010 919 4095 Scriptores
951 4007 1200 4076 Bruusrriceuses
1222 4009 1307 4094 (pag.

78 4117 157 4202 lac).
211 4119 253 4186 llt
283 4140 322 4186 ne
344 4120 434 4203 plura
456 4137 475 4184 a
494 4119 610 4184 ‘nemra
640 4119 743 4182 aetate
773 4115 893 4181 remote
915 4113 1129 4199 perquiramus
1158 4112 1308 4196 exempla,

77 4221 164 4288 Pallii
185 4222 400 4310 praerogatiua
422 4221 517 4288 etiarn
540 4221 632 4288 hodie
654 4219 792 4305 gaudent
817 4219 980 4301 episcopos
1001 4215 1309 4299 Quinqueecclesieu·

78 4322 126 4402 ais,
147 4326 184 4392 de
205 4347 264 4414 qao
285 4330 324 4394 in¹
341 4345 408 4411 cap.
433 4325 532 4393 »Cum
554 4326 587 4391 iu
609 4324 793 4410 juventute«
831 4321 870 4387 de
899 4319 1141 4405 praesumtion03
1176 4317 1309 4403 episcopi

79 4427 231 4517 Ostiensis,
254 4433 504 4520 Bamhergecsis,
527 4428 691 4516 Papieusis
721 4428 753 4494 et
775 4427 882 4513 paucis
902 4427 994 4492 antea
1013 4424 1114 4506 annis,
1138 4441 1209 4491 cum
1232 4440 1309 4489 uon-

79 4531 146 4602 dunn
167 4537 397 4626 archiepiscopi
418 4537 564 4606 honorem
588 4536 660 4604 erat
679 4532 863 4602 consecutus
873 4529 1129 4618 pslltoutebatur
1148 4526 1310 4614 episcopus
